%% This BibTeX bibliography file was created using BibDesk.
%% http://bibdesk.sourceforge.net/


%% Created for Terje Gundersen at 2010-03-19 12:31:38 +0100 


%% Saved with string encoding Unicode (UTF-8) 



@article{turk06,
	Author = {Turk, Oytun and Arslan, Levent M.},
	Date-Added = {2010-03-19 12:30:44 +0100},
	Date-Modified = {2010-03-19 12:31:38 +0100},
	Journal = {Computer Speech \& Language},
	Keywords = {Voice conversion},
	Number = {4},
	Pages = {441--467},
	Publisher = {Elsevier},
	Title = {Robust processing techniques for voice conversion},
	Volume = {20},
	Year = {2006},
	Bdsk-File-1 = {YnBsaXN0MDDUAQIDBAUIJidUJHRvcFgkb2JqZWN0c1gkdmVyc2lvblkkYXJjaGl2ZXLRBgdUcm9vdIABqAkKFRYXGyIjVSRudWxs0wsMDQ4RFFpOUy5vYmplY3RzV05TLmtleXNWJGNsYXNzog8QgASABqISE4ACgAOAB1lhbGlhc0RhdGFccmVsYXRpdmVQYXRo0hgNGRpXTlMuZGF0YU8RAiQAAAAAAiQAAgAADE1hY2ludG9zaCBIRAAAAAAAAAAAAAAAAAAAAMNHSJZIKwAAAVbeOh8yMDA2IFJvYnVzdCBwcm9jZXNzIzE1NkRFMTIucGRmAAAAAAAAAAAAAAAAAAAAAAAAAAAAAAAAAAAAAAAAAAABVt4Sx8keEwAAAAAAAAAAAAQABAAACSAAAAAAAAAAAAAAAAAAAAAEVHVyawAQAAgAAMNHLHYAAAARAAgAAMfJEAMAAAABABQBVt46AS8ZZgEuzqcAC6eAAAB5ZwACAExNYWNpbnRvc2ggSEQ6VXNlcnM6VGVyamU6RHJvcGJveDpQYXBlcnM6VHVyazoyMDA2IFJvYnVzdCBwcm9jZXNzIzE1NkRFMTIucGRmAA4AdgA6ADIAMAAwADYAIABSAG8AYgB1AHMAdAAgAHAAcgBvAGMAZQBzAHMAaQBuAGcAIAB0AGUAYwBoAG4AaQBxAHUAZQBzACAAZgBvAHIAIAB2AG8AaQBjAGUAIABjAG8AbgB2AGUAcgBzAGkAbwBuAC4AcABkAGYADwAaAAwATQBhAGMAaQBuAHQAbwBzAGgAIABIAEQAEgBaVXNlcnMvVGVyamUvRHJvcGJveC9QYXBlcnMvVHVyay8yMDA2IFJvYnVzdCBwcm9jZXNzaW5nIHRlY2huaXF1ZXMgZm9yIHZvaWNlIGNvbnZlcnNpb24ucGRmABMAAS8AABUAAgAM//8AAIAF0hwdHh9YJGNsYXNzZXNaJGNsYXNzbmFtZaMfICFdTlNNdXRhYmxlRGF0YVZOU0RhdGFYTlNPYmplY3RfEFouLi8uLi8uLi8uLi9Ecm9wYm94L1BhcGVycy9UdXJrLzIwMDYgUm9idXN0IHByb2Nlc3NpbmcgdGVjaG5pcXVlcyBmb3Igdm9pY2UgY29udmVyc2lvbi5wZGbSHB0kJaIlIVxOU0RpY3Rpb25hcnkSAAGGoF8QD05TS2V5ZWRBcmNoaXZlcgAIABEAFgAfACgAMgA1ADoAPABFAEsAUgBdAGUAbABvAHEAcwB2AHgAegB8AIYAkwCYAKACyALKAs8C2ALjAucC9QL8AwUDYgNnA2oDdwN8AAAAAAAAAgEAAAAAAAAAKAAAAAAAAAAAAAAAAAAAA44=}}

@article{sakoe78,
	Author = {Hiroaki Sakoe and Seibi Chiba},
	Date-Added = {2010-03-05 11:28:15 +0100},
	Date-Modified = {2010-03-05 11:32:45 +0100},
	Journal = {IEEE Transactions on Acoustics, Speech and Signal Processing},
	Keywords = {Speech technology},
	Number = {1},
	Pages = {43--49},
	Title = {Dynamic programming algorithm optimization for spoken word recognition},
	Volume = {26},
	Year = {1978},
	Bdsk-File-1 = {YnBsaXN0MDDUAQIDBAUIJidUJHRvcFgkb2JqZWN0c1gkdmVyc2lvblkkYXJjaGl2ZXLRBgdUcm9vdIABqAkKFRYXGyIjVSRudWxs0wsMDQ4RFFpOUy5vYmplY3RzV05TLmtleXNWJGNsYXNzog8QgASABqISE4ACgAOAB1lhbGlhc0RhdGFccmVsYXRpdmVQYXRo0hgNGRpXTlMuZGF0YU8RAjYAAAAAAjYAAgAADE1hY2ludG9zaCBIRAAAAAAAAAAAAAAAAAAAAMNHSJZIKwAAAVKCex8xOTc4IER5bmFtaWMgcHJvZ3JhIzE1Mjc1RDQucGRmAAAAAAAAAAAAAAAAAAAAAAAAAAAAAAAAAAAAAAAAAAABUnXUx7abQgAAAAAAAAAAAAQABAAACSAAAAAAAAAAAAAAAAAAAAAFU2Frb2UAABAACAAAw0csdgAAABEACAAAx7aNMgAAAAEAFAFSgnsBLxlmAS7OpwALp4AAAHlnAAIATU1hY2ludG9zaCBIRDpVc2VyczpUZXJqZTpEcm9wYm94OlBhcGVyczpTYWtvZToxOTc4IER5bmFtaWMgcHJvZ3JhIzE1Mjc1RDQucGRmAAAOAH4APgAxADkANwA4ACAARAB5AG4AYQBtAGkAYwAgAHAAcgBvAGcAcgBhAG0AbQBpAG4AZwAgAGEAbABnAG8AcgBpAHQAaABtACAAbwBwAHQAaQBtAGkAegBhAHQAaQBvAG4AIABmAG8AcgAgAHMAcABvAGsAZQBuAC4AcABkAGYADwAaAAwATQBhAGMAaQBuAHQAbwBzAGgAIABIAEQAEgBfVXNlcnMvVGVyamUvRHJvcGJveC9QYXBlcnMvU2Frb2UvMTk3OCBEeW5hbWljIHByb2dyYW1taW5nIGFsZ29yaXRobSBvcHRpbWl6YXRpb24gZm9yIHNwb2tlbi5wZGYAABMAAS8AABUAAgAM//8AAIAF0hwdHh9YJGNsYXNzZXNaJGNsYXNzbmFtZaMfICFdTlNNdXRhYmxlRGF0YVZOU0RhdGFYTlNPYmplY3RfEF8uLi8uLi8uLi8uLi9Ecm9wYm94L1BhcGVycy9TYWtvZS8xOTc4IER5bmFtaWMgcHJvZ3JhbW1pbmcgYWxnb3JpdGhtIG9wdGltaXphdGlvbiBmb3Igc3Bva2VuLnBkZtIcHSQloiUhXE5TRGljdGlvbmFyeRIAAYagXxAPTlNLZXllZEFyY2hpdmVyAAgAEQAWAB8AKAAyADUAOgA8AEUASwBSAF0AZQBsAG8AcQBzAHYAeAB6AHwAhgCTAJgAoALaAtwC4QLqAvUC+QMHAw4DFwN5A34DgQOOA5MAAAAAAAACAQAAAAAAAAAoAAAAAAAAAAAAAAAAAAADpQ==}}

@article{tao07,
	Author = {Tao, Terence},
	Date-Added = {2010-03-04 10:03:04 +0100},
	Date-Modified = {2010-03-04 10:04:20 +0100},
	Journal = {The Mathematical Intelligencer},
	Keywords = {Mathematics},
	Number = {3},
	Pages = {60--63},
	Publisher = {Springer},
	Title = {Solving mathematical problems: a personal perspective},
	Volume = {29},
	Year = {2007},
	Bdsk-File-1 = {YnBsaXN0MDDUAQIDBAUIJidUJHRvcFgkb2JqZWN0c1gkdmVyc2lvblkkYXJjaGl2ZXLRBgdUcm9vdIABqAkKFRYXGyIjVSRudWxs0wsMDQ4RFFpOUy5vYmplY3RzV05TLmtleXNWJGNsYXNzog8QgASABqISE4ACgAOAB1lhbGlhc0RhdGFccmVsYXRpdmVQYXRo0hgNGRpXTlMuZGF0YU8RAiwAAAAAAiwAAgAADE1hY2ludG9zaCBIRAAAAAAAAAAAAAAAAAAAAMNHSJZIKwAAAVKChx8yMDA3IFNvbHZpbmcgbWF0aGVtIzE1MjQ1MDMucGRmAAAAAAAAAAAAAAAAAAAAAAAAAAAAAAAAAAAAAAAAAAABUkUDx7U1jQAAAAAAAAAAAAQABAAACSAAAAAAAAAAAAAAAAAAAAADVGFvAAAQAAgAAMNHLHYAAAARAAgAAMe1J30AAAABABQBUoKHAS8ZZgEuzqcAC6eAAAB5ZwACAEtNYWNpbnRvc2ggSEQ6VXNlcnM6VGVyamU6RHJvcGJveDpQYXBlcnM6VGFvOjIwMDcgU29sdmluZyBtYXRoZW0jMTUyNDUwMy5wZGYAAA4AfAA9ADIAMAAwADcAIABTAG8AbAB2AGkAbgBnACAAbQBhAHQAaABlAG0AYQB0AGkAYwBhAGwAIABwAHIAbwBiAGwAZQBtAHMAIABhACAAcABlAHIAcwBvAG4AYQBsACAAcABlAHIAcwBwAGUAYwB0AGkAdgBlAC4AcABkAGYADwAaAAwATQBhAGMAaQBuAHQAbwBzAGgAIABIAEQAEgBcVXNlcnMvVGVyamUvRHJvcGJveC9QYXBlcnMvVGFvLzIwMDcgU29sdmluZyBtYXRoZW1hdGljYWwgcHJvYmxlbXMgYSBwZXJzb25hbCBwZXJzcGVjdGl2ZS5wZGYAEwABLwAAFQACAAz//wAAgAXSHB0eH1gkY2xhc3Nlc1okY2xhc3NuYW1lox8gIV1OU011dGFibGVEYXRhVk5TRGF0YVhOU09iamVjdF8QXC4uLy4uLy4uLy4uL0Ryb3Bib3gvUGFwZXJzL1Rhby8yMDA3IFNvbHZpbmcgbWF0aGVtYXRpY2FsIHByb2JsZW1zIGEgcGVyc29uYWwgcGVyc3BlY3RpdmUucGRm0hwdJCWiJSFcTlNEaWN0aW9uYXJ5EgABhqBfEA9OU0tleWVkQXJjaGl2ZXIACAARABYAHwAoADIANQA6ADwARQBLAFIAXQBlAGwAbwBxAHMAdgB4AHoAfACGAJMAmACgAtAC0gLXAuAC6wLvAv0DBAMNA2wDcQN0A4EDhgAAAAAAAAIBAAAAAAAAACgAAAAAAAAAAAAAAAAAAAOY}}

@article{candes06rob,
	Author = {Cand{\'e}s, Emmanuel and Romberg, Justin and Tao, Terence},
	Date-Added = {2010-03-02 10:42:46 +0100},
	Date-Modified = {2010-03-02 10:48:43 +0100},
	Journal = {IEEE Transactions on information theory},
	Keywords = {Information Theory, Multimedia},
	Number = {2},
	Pages = {489--509},
	Publisher = {Citeseer},
	Title = {Robust uncertainty principles: Exact signal reconstruction from highly incomplete frequency information},
	Volume = {52},
	Year = {2006},
	Bdsk-File-1 = {YnBsaXN0MDDUAQIDBAUIJidUJHRvcFgkb2JqZWN0c1gkdmVyc2lvblkkYXJjaGl2ZXLRBgdUcm9vdIABqAkKFRYXGyIjVSRudWxs0wsMDQ4RFFpOUy5vYmplY3RzV05TLmtleXNWJGNsYXNzog8QgASABqISE4ACgAOAB1lhbGlhc0RhdGFccmVsYXRpdmVQYXRo0hgNGRpXTlMuZGF0YU8RAhgAAAAAAhgAAgAADE1hY2ludG9zaCBIRAAAAAAAAAAAAAAAAAAAAMNHSJZIKwAAAVKCgR8yMDA2IFJvYnVzdCB1bmNlcnRhIzE1MUU2NDAucGRmAAAAAAAAAAAAAAAAAAAAAAAAAAAAAAAAAAAAAAAAAAABUeZAx7Ka2AAAAAAAAAAAAAQABAAACSAAAAAAAAAAAAAAAAAAAAAGQ2FuZI5zABAACAAAw0csdgAAABEACAAAx7KMyAAAAAEAFAFSgoEBLxlmAS7OpwALp4AAAHlnAAIATk1hY2ludG9zaCBIRDpVc2VyczpUZXJqZTpEcm9wYm94OlBhcGVyczpDYW5kjnM6MjAwNiBSb2J1c3QgdW5jZXJ0YSMxNTFFNjQwLnBkZgAOAGgAMwAyADAAMAA2ACAAUgBvAGIAdQBzAHQAIAB1AG4AYwBlAHIAdABhAGkAbgB0AHkAIABwAHIAaQBuAGMAaQBwAGwAZQBzACAARQB4AGEAYwB0ACAAcwBpAGcAbgBhAGwALgBwAGQAZgAPABoADABNAGEAYwBpAG4AdABvAHMAaAAgAEgARAASAFdVc2Vycy9UZXJqZS9Ecm9wYm94L1BhcGVycy9DYW5kZcyBcy8yMDA2IFJvYnVzdCB1bmNlcnRhaW50eSBwcmluY2lwbGVzIEV4YWN0IHNpZ25hbC5wZGYAABMAAS8AABUAAgAM//8AAIAF0hwdHh9YJGNsYXNzZXNaJGNsYXNzbmFtZaMfICFdTlNNdXRhYmxlRGF0YVZOU0RhdGFYTlNPYmplY3RvEFYALgAuAC8ALgAuAC8ALgAuAC8ALgAuAC8ARAByAG8AcABiAG8AeAAvAFAAYQBwAGUAcgBzAC8AQwBhAG4AZABlAwEAcwAvADIAMAAwADYAIABSAG8AYgB1AHMAdAAgAHUAbgBjAGUAcgB0AGEAaQBuAHQAeQAgAHAAcgBpAG4AYwBpAHAAbABlAHMAIABFAHgAYQBjAHQAIABzAGkAZwBuAGEAbAAuAHAAZABm0hwdJCWiJSFcTlNEaWN0aW9uYXJ5EgABhqBfEA9OU0tleWVkQXJjaGl2ZXIACAARABYAHwAoADIANQA6ADwARQBLAFIAXQBlAGwAbwBxAHMAdgB4AHoAfACGAJMAmACgArwCvgLDAswC1wLbAukC8AL5A6gDrQOwA70DwgAAAAAAAAIBAAAAAAAAACgAAAAAAAAAAAAAAAAAAAPU}}

@article{candes06near,
	Author = {Candes, Emmanuel and Tao, Terence},
	Date-Added = {2010-03-02 10:42:33 +0100},
	Date-Modified = {2010-03-02 10:48:57 +0100},
	Journal = {IEEE Transactions on Information Theory},
	Keywords = {Information Theory,Multimedia},
	Number = {12},
	Pages = {5406--5425},
	Publisher = {Citeseer},
	Title = {Near-optimal signal recovery from random projections: Universal encoding strategies?},
	Volume = {52},
	Year = {2006},
	Bdsk-File-1 = {YnBsaXN0MDDUAQIDBAUIJidUJHRvcFgkb2JqZWN0c1gkdmVyc2lvblkkYXJjaGl2ZXLRBgdUcm9vdIABqAkKFRYXGyIjVSRudWxs0wsMDQ4RFFpOUy5vYmplY3RzV05TLmtleXNWJGNsYXNzog8QgASABqISE4ACgAOAB1lhbGlhc0RhdGFccmVsYXRpdmVQYXRo0hgNGRpXTlMuZGF0YU8RAhAAAAAAAhAAAgAADE1hY2ludG9zaCBIRAAAAAAAAAAAAAAAAAAAAMNHSJZIKwAAAVKCgh8yMDA2IE5lYXItb3B0aW1hbCBzIzE1MUU2NTQucGRmAAAAAAAAAAAAAAAAAAAAAAAAAAAAAAAAAAAAAAAAAAABUeZUx7Ka/wAAAAAAAAAAAAQABAAACSAAAAAAAAAAAAAAAAAAAAAGQ2FuZGVzABAACAAAw0csdgAAABEACAAAx7KM7wAAAAEAFAFSgoIBLxlmAS7OpwALp4AAAHlnAAIATk1hY2ludG9zaCBIRDpVc2VyczpUZXJqZTpEcm9wYm94OlBhcGVyczpDYW5kZXM6MjAwNiBOZWFyLW9wdGltYWwgcyMxNTFFNjU0LnBkZgAOAGQAMQAyADAAMAA2ACAATgBlAGEAcgAtAG8AcAB0AGkAbQBhAGwAIABzAGkAZwBuAGEAbAAgAHIAZQBjAG8AdgBlAHIAeQAgAGYAcgBvAG0AIAByAGEAbgBkAG8AbQAuAHAAZABmAA8AGgAMAE0AYQBjAGkAbgB0AG8AcwBoACAASABEABIAU1VzZXJzL1RlcmplL0Ryb3Bib3gvUGFwZXJzL0NhbmRlcy8yMDA2IE5lYXItb3B0aW1hbCBzaWduYWwgcmVjb3ZlcnkgZnJvbSByYW5kb20ucGRmAAATAAEvAAAVAAIADP//AACABdIcHR4fWCRjbGFzc2VzWiRjbGFzc25hbWWjHyAhXU5TTXV0YWJsZURhdGFWTlNEYXRhWE5TT2JqZWN0XxBTLi4vLi4vLi4vLi4vRHJvcGJveC9QYXBlcnMvQ2FuZGVzLzIwMDYgTmVhci1vcHRpbWFsIHNpZ25hbCByZWNvdmVyeSBmcm9tIHJhbmRvbS5wZGbSHB0kJaIlIVxOU0RpY3Rpb25hcnkSAAGGoF8QD05TS2V5ZWRBcmNoaXZlcgAIABEAFgAfACgAMgA1ADoAPABFAEsAUgBdAGUAbABvAHEAcwB2AHgAegB8AIYAkwCYAKACtAK2ArsCxALPAtMC4QLoAvEDRwNMA08DXANhAAAAAAAAAgEAAAAAAAAAKAAAAAAAAAAAAAAAAAAAA3M=}}

@book{rabiner78,
	Address = {Englewood Cliffs, NJ},
	Author = {Lawrence R. Rabiner and Ronald W. Schafer},
	Date-Added = {2010-02-26 11:12:07 +0100},
	Date-Modified = {2010-02-26 11:17:16 +0100},
	Keywords = {Speech technology},
	Publisher = {Prentice-Hall},
	Title = {Digital Processing of Speech Signals},
	Year = {1978},
	Bdsk-File-1 = {YnBsaXN0MDDUAQIDBAUIJidUJHRvcFgkb2JqZWN0c1gkdmVyc2lvblkkYXJjaGl2ZXLRBgdUcm9vdIABqAkKFRYXGyIjVSRudWxs0wsMDQ4RFFpOUy5vYmplY3RzV05TLmtleXNWJGNsYXNzog8QgASABqISE4ACgAOAB1lhbGlhc0RhdGFccmVsYXRpdmVQYXRo0hgNGRpXTlMuZGF0YU8RAggAAAAAAggAAgAADE1hY2ludG9zaCBIRAAAAAAAAAAAAAAAAAAAAMNHSJZIKwAAAVOhWh8xOTc4IERpZ2l0YWwgUHJvY2VzIzE1M0ExMzMucGRmAAAAAAAAAAAAAAAAAAAAAAAAAAAAAAAAAAAAAAAAAAABU6Ezx7Z4EgAAAAAAAAAAAAQABAAACSAAAAAAAAAAAAAAAAAAAAAHUmFiaW5lcgAAEAAIAADDRyx2AAAAEQAIAADHtmoCAAAAAQAUAVOhWgEvGWYBLs6nAAungAAAeWcAAgBPTWFjaW50b3NoIEhEOlVzZXJzOlRlcmplOkRyb3Bib3g6UGFwZXJzOlJhYmluZXI6MTk3OCBEaWdpdGFsIFByb2NlcyMxNTNBMTMzLnBkZgAADgBcAC0AMQA5ADcAOAAgAEQAaQBnAGkAdABhAGwAIABQAHIAbwBjAGUAcwBzAGkAbgBnACAAbwBmACAAUwBwAGUAZQBjAGgAIABTAGkAZwBuAGEAbABzAC4AcABkAGYADwAaAAwATQBhAGMAaQBuAHQAbwBzAGgAIABIAEQAEgBQVXNlcnMvVGVyamUvRHJvcGJveC9QYXBlcnMvUmFiaW5lci8xOTc4IERpZ2l0YWwgUHJvY2Vzc2luZyBvZiBTcGVlY2ggU2lnbmFscy5wZGYAEwABLwAAFQACAAz//wAAgAXSHB0eH1gkY2xhc3Nlc1okY2xhc3NuYW1lox8gIV1OU011dGFibGVEYXRhVk5TRGF0YVhOU09iamVjdF8QUC4uLy4uLy4uLy4uL0Ryb3Bib3gvUGFwZXJzL1JhYmluZXIvMTk3OCBEaWdpdGFsIFByb2Nlc3Npbmcgb2YgU3BlZWNoIFNpZ25hbHMucGRm0hwdJCWiJSFcTlNEaWN0aW9uYXJ5EgABhqBfEA9OU0tleWVkQXJjaGl2ZXIACAARABYAHwAoADIANQA6ADwARQBLAFIAXQBlAGwAbwBxAHMAdgB4AHoAfACGAJMAmACgAqwCrgKzArwCxwLLAtkC4ALpAzwDQQNEA1EDVgAAAAAAAAIBAAAAAAAAACgAAAAAAAAAAAAAAAAAAANo}}

@conference{nurminen06,
	Author = {Nurminen, Jani and Popa, Victor and Tian, Jilei and Tang, Yuezhong and Kiss, Imre},
	Booktitle = {TC-STAR Workshop on Speech-to-Speech Translation},
	Date-Added = {2010-02-11 14:35:43 +0100},
	Date-Modified = {2010-02-17 13:34:23 +0100},
	Keywords = {Voice conversion},
	Pages = {225--229},
	Read = {Yes},
	Title = {A parametric approach for voice conversion},
	Year = {2006},
	Bdsk-File-1 = {YnBsaXN0MDDUAQIDBAUIJidUJHRvcFgkb2JqZWN0c1gkdmVyc2lvblkkYXJjaGl2ZXLRBgdUcm9vdIABqAkKFRYXGyIjVSRudWxs0wsMDQ4RFFpOUy5vYmplY3RzV05TLmtleXNWJGNsYXNzog8QgASABqISE4ACgAOAB1lhbGlhc0RhdGFccmVsYXRpdmVQYXRo0hgNGRpXTlMuZGF0YU8RAhwAAAAAAhwAAgAADE1hY2ludG9zaCBIRAAAAAAAAAAAAAAAAAAAAMNHSJZIKwAAAVKCiR8yMDA2IEEgcGFyYW1ldHJpYyBhIzE0QUZGRjUucGRmAAAAAAAAAAAAAAAAAAAAAAAAAAAAAAAAAAAAAAAAAAABSv/1x5nBvgAAAAAAAAAAAAQABAAACSAAAAAAAAAAAAAAAAAAAAAITnVybWluZW4AEAAIAADDRyx2AAAAEQAIAADHmbOuAAAAAQAUAVKCiQEvGWYBLs6nAAungAAAeWcAAgBQTWFjaW50b3NoIEhEOlVzZXJzOlRlcmplOkRyb3Bib3g6UGFwZXJzOk51cm1pbmVuOjIwMDYgQSBwYXJhbWV0cmljIGEjMTRBRkZGNS5wZGYADgBoADMAMgAwADAANgAgAEEAIABwAGEAcgBhAG0AZQB0AHIAaQBjACAAYQBwAHAAcgBvAGEAYwBoACAAZgBvAHIAIAB2AG8AaQBjAGUAIABjAG8AbgB2AGUAcgBzAGkAbwBuAC4AcABkAGYADwAaAAwATQBhAGMAaQBuAHQAbwBzAGgAIABIAEQAEgBXVXNlcnMvVGVyamUvRHJvcGJveC9QYXBlcnMvTnVybWluZW4vMjAwNiBBIHBhcmFtZXRyaWMgYXBwcm9hY2ggZm9yIHZvaWNlIGNvbnZlcnNpb24ucGRmAAATAAEvAAAVAAIADP//AACABdIcHR4fWCRjbGFzc2VzWiRjbGFzc25hbWWjHyAhXU5TTXV0YWJsZURhdGFWTlNEYXRhWE5TT2JqZWN0XxBXLi4vLi4vLi4vLi4vRHJvcGJveC9QYXBlcnMvTnVybWluZW4vMjAwNiBBIHBhcmFtZXRyaWMgYXBwcm9hY2ggZm9yIHZvaWNlIGNvbnZlcnNpb24ucGRm0hwdJCWiJSFcTlNEaWN0aW9uYXJ5EgABhqBfEA9OU0tleWVkQXJjaGl2ZXIACAARABYAHwAoADIANQA6ADwARQBLAFIAXQBlAGwAbwBxAHMAdgB4AHoAfACGAJMAmACgAsACwgLHAtAC2wLfAu0C9AL9A1cDXANfA2wDcQAAAAAAAAIBAAAAAAAAACgAAAAAAAAAAAAAAAAAAAOD}}

@conference{helander07,
	Author = {Helander, Elina and Nurminen, Jani and Gabbouj, Moncef},
	Booktitle = {International conference on Speech and Computer},
	Date-Added = {2010-02-10 14:47:36 +0100},
	Date-Modified = {2010-02-10 14:48:55 +0100},
	Pages = {651--656},
	Title = {Analysis of LSF frame selection for voice conversion},
	Year = {2007},
	Bdsk-File-1 = {YnBsaXN0MDDUAQIDBAUIJidUJHRvcFgkb2JqZWN0c1gkdmVyc2lvblkkYXJjaGl2ZXLRBgdUcm9vdIABqAkKFRYXGyIjVSRudWxs0wsMDQ4RFFpOUy5vYmplY3RzV05TLmtleXNWJGNsYXNzog8QgASABqISE4ACgAOAB1lhbGlhc0RhdGFccmVsYXRpdmVQYXRo0hgNGRpXTlMuZGF0YU8RAjoAAAAAAjoAAgAADE1hY2ludG9zaCBIRAAAAAAAAAAAAAAAAAAAAMNHSJZIKwAAAVKCbx8yMDA3IEFuYWx5c2lzIG9mIExTIzE0QUQ2MjIucGRmAAAAAAAAAAAAAAAAAAAAAAAAAAAAAAAAAAAAAAAAAAABStYix5h3twAAAAAAAAAAAAQABAAACSAAAAAAAAAAAAAAAAAAAAAISGVsYW5kZXIAEAAIAADDRyx2AAAAEQAIAADHmGmnAAAAAQAUAVKCbwEvGWYBLs6nAAungAAAeWcAAgBQTWFjaW50b3NoIEhEOlVzZXJzOlRlcmplOkRyb3Bib3g6UGFwZXJzOkhlbGFuZGVyOjIwMDcgQW5hbHlzaXMgb2YgTFMjMTRBRDYyMi5wZGYADgB8AD0AMgAwADAANwAgAEEAbgBhAGwAeQBzAGkAcwAgAG8AZgAgAEwAUwBGACAAZgByAGEAbQBlACAAcwBlAGwAZQBjAHQAaQBvAG4AIABmAG8AcgAgAHYAbwBpAGMAZQAgAGMAbwBuAHYAZQByAHMAaQBvAG4ALgBwAGQAZgAPABoADABNAGEAYwBpAG4AdABvAHMAaAAgAEgARAASAGFVc2Vycy9UZXJqZS9Ecm9wYm94L1BhcGVycy9IZWxhbmRlci8yMDA3IEFuYWx5c2lzIG9mIExTRiBmcmFtZSBzZWxlY3Rpb24gZm9yIHZvaWNlIGNvbnZlcnNpb24ucGRmAAATAAEvAAAVAAIADP//AACABdIcHR4fWCRjbGFzc2VzWiRjbGFzc25hbWWjHyAhXU5TTXV0YWJsZURhdGFWTlNEYXRhWE5TT2JqZWN0XxBhLi4vLi4vLi4vLi4vRHJvcGJveC9QYXBlcnMvSGVsYW5kZXIvMjAwNyBBbmFseXNpcyBvZiBMU0YgZnJhbWUgc2VsZWN0aW9uIGZvciB2b2ljZSBjb252ZXJzaW9uLnBkZtIcHSQloiUhXE5TRGljdGlvbmFyeRIAAYagXxAPTlNLZXllZEFyY2hpdmVyAAgAEQAWAB8AKAAyADUAOgA8AEUASwBSAF0AZQBsAG8AcQBzAHYAeAB6AHwAhgCTAJgAoALeAuAC5QLuAvkC/QMLAxIDGwN/A4QDhwOUA5kAAAAAAAACAQAAAAAAAAAoAAAAAAAAAAAAAAAAAAADqw==}}

@article{helander08,
	Author = {Helander, Elina and Nurminen, Jani and Gabbouj, Moncef},
	Date-Added = {2010-02-10 14:10:14 +0100},
	Date-Modified = {2010-02-17 13:34:17 +0100},
	Journal = {IEEE International Conference on Acoustics, Speech, and Signal Processing, ICASSP},
	Keywords = {Voice conversion},
	Read = {Yes},
	Title = {LSF mapping for voice conversion with very small training sets},
	Volume = {4672},
	Year = {2008},
	Bdsk-File-1 = {YnBsaXN0MDDUAQIDBAUIJidUJHRvcFgkb2JqZWN0c1gkdmVyc2lvblkkYXJjaGl2ZXLRBgdUcm9vdIABqAkKFRYXGyIjVSRudWxs0wsMDQ4RFFpOUy5vYmplY3RzV05TLmtleXNWJGNsYXNzog8QgASABqISE4ACgAOAB1lhbGlhc0RhdGFccmVsYXRpdmVQYXRo0hgNGRpXTlMuZGF0YU8RAhwAAAAAAhwAAgAADE1hY2ludG9zaCBIRAAAAAAAAAAAAAAAAAAAAMNHSJZIKwAAAVKCbx8yMDA4IExTRiBtYXBwaW5nIGZvIzE0QUQ0M0EucGRmAAAAAAAAAAAAAAAAAAAAAAAAAAAAAAAAAAAAAAAAAAABStQ6x5huJAAAAAAAAAAAAAQABAAACSAAAAAAAAAAAAAAAAAAAAAISGVsYW5kZXIAEAAIAADDRyx2AAAAEQAIAADHmGAUAAAAAQAUAVKCbwEvGWYBLs6nAAungAAAeWcAAgBQTWFjaW50b3NoIEhEOlVzZXJzOlRlcmplOkRyb3Bib3g6UGFwZXJzOkhlbGFuZGVyOjIwMDggTFNGIG1hcHBpbmcgZm8jMTRBRDQzQS5wZGYADgBoADMAMgAwADAAOAAgAEwAUwBGACAAbQBhAHAAcABpAG4AZwAgAGYAbwByACAAdgBvAGkAYwBlACAAYwBvAG4AdgBlAHIAcwBpAG8AbgAgAHcAaQB0AGgAIAB2AGUAcgB5AC4AcABkAGYADwAaAAwATQBhAGMAaQBuAHQAbwBzAGgAIABIAEQAEgBXVXNlcnMvVGVyamUvRHJvcGJveC9QYXBlcnMvSGVsYW5kZXIvMjAwOCBMU0YgbWFwcGluZyBmb3Igdm9pY2UgY29udmVyc2lvbiB3aXRoIHZlcnkucGRmAAATAAEvAAAVAAIADP//AACABdIcHR4fWCRjbGFzc2VzWiRjbGFzc25hbWWjHyAhXU5TTXV0YWJsZURhdGFWTlNEYXRhWE5TT2JqZWN0XxBXLi4vLi4vLi4vLi4vRHJvcGJveC9QYXBlcnMvSGVsYW5kZXIvMjAwOCBMU0YgbWFwcGluZyBmb3Igdm9pY2UgY29udmVyc2lvbiB3aXRoIHZlcnkucGRm0hwdJCWiJSFcTlNEaWN0aW9uYXJ5EgABhqBfEA9OU0tleWVkQXJjaGl2ZXIACAARABYAHwAoADIANQA6ADwARQBLAFIAXQBlAGwAbwBxAHMAdgB4AHoAfACGAJMAmACgAsACwgLHAtAC2wLfAu0C9AL9A1cDXANfA2wDcQAAAAAAAAIBAAAAAAAAACgAAAAAAAAAAAAAAAAAAAOD}}

@book{gray06,
	Author = {Robert M. Gray},
	Date-Added = {2010-02-03 12:18:28 +0100},
	Date-Modified = {2010-02-03 12:19:36 +0100},
	Keywords = {Mathematics},
	Publisher = {Now Pub},
	Title = {Toeplitz and circulant matrices: A revieww},
	Year = {2006},
	Bdsk-File-1 = {YnBsaXN0MDDUAQIDBAUIJidUJHRvcFgkb2JqZWN0c1gkdmVyc2lvblkkYXJjaGl2ZXLRBgdUcm9vdIABqAkKFRYXGyIjVSRudWxs0wsMDQ4RFFpOUy5vYmplY3RzV05TLmtleXNWJGNsYXNzog8QgASABqISE4ACgAOAB1lhbGlhc0RhdGFccmVsYXRpdmVQYXRo0hgNGRpXTlMuZGF0YU8RAgwAAAAAAgwAAgAADE1hY2ludG9zaCBIRAAAAAAAAAAAAAAAAAAAAMNHSJZIKwAAAVKCfB8yMDA2IFRvZXBsaXR6IGFuZCBjIzE0NjcyQjYucGRmAAAAAAAAAAAAAAAAAAAAAAAAAAAAAAAAAAAAAAAAAAABRnK2x48ZbwAAAAAAAAAAAAQABAAACSAAAAAAAAAAAAAAAAAAAAAER3JheQAQAAgAAMNHLHYAAAARAAgAAMePC18AAAABABQBUoJ8AS8ZZgEuzqcAC6eAAAB5ZwACAExNYWNpbnRvc2ggSEQ6VXNlcnM6VGVyamU6RHJvcGJveDpQYXBlcnM6R3JheToyMDA2IFRvZXBsaXR6IGFuZCBjIzE0NjcyQjYucGRmAA4AZgAyADIAMAAwADYAIABUAG8AZQBwAGwAaQB0AHoAIABhAG4AZAAgAGMAaQByAGMAdQBsAGEAbgB0ACAAbQBhAHQAcgBpAGMAZQBzACAAQQAgAHIAZQB2AGkAZQB3AHcALgBwAGQAZgAPABoADABNAGEAYwBpAG4AdABvAHMAaAAgAEgARAASAFJVc2Vycy9UZXJqZS9Ecm9wYm94L1BhcGVycy9HcmF5LzIwMDYgVG9lcGxpdHogYW5kIGNpcmN1bGFudCBtYXRyaWNlcyBBIHJldmlld3cucGRmABMAAS8AABUAAgAM//8AAIAF0hwdHh9YJGNsYXNzZXNaJGNsYXNzbmFtZaMfICFdTlNNdXRhYmxlRGF0YVZOU0RhdGFYTlNPYmplY3RfEFIuLi8uLi8uLi8uLi9Ecm9wYm94L1BhcGVycy9HcmF5LzIwMDYgVG9lcGxpdHogYW5kIGNpcmN1bGFudCBtYXRyaWNlcyBBIHJldmlld3cucGRm0hwdJCWiJSFcTlNEaWN0aW9uYXJ5EgABhqBfEA9OU0tleWVkQXJjaGl2ZXIACAARABYAHwAoADIANQA6ADwARQBLAFIAXQBlAGwAbwBxAHMAdgB4AHoAfACGAJMAmACgArACsgK3AsACywLPAt0C5ALtA0IDRwNKA1cDXAAAAAAAAAIBAAAAAAAAACgAAAAAAAAAAAAAAAAAAANu}}

@unpublished{bruscoli-quasipolynomial,
	Author = {Bruscoli, P. and Guglielmi, A. and Gundersen, T. and Parigot, M.},
	Date-Added = {2009-12-21 12:12:56 +0100},
	Date-Modified = {2009-12-21 12:14:18 +0100},
	Keywords = {Mathematics},
	Month = {March},
	Title = {Quasipolynomial normalisation in deep inference via atomic flows and threshold formulae. Submitted},
	Year = {2009},
	Bdsk-File-1 = {YnBsaXN0MDDUAQIDBAUIJidUJHRvcFgkb2JqZWN0c1gkdmVyc2lvblkkYXJjaGl2ZXLRBgdUcm9vdIABqAkKFRYXGyIjVSRudWxs0wsMDQ4RFFpOUy5vYmplY3RzV05TLmtleXNWJGNsYXNzog8QgASABqISE4ACgAOAB1lhbGlhc0RhdGFccmVsYXRpdmVQYXRo0hgNGRpXTlMuZGF0YU8RAkwAAAAAAkwAAgAADE1hY2ludG9zaCBIRAAAAAAAAAAAAAAAAAAAAMNHSJZIKwAAAVKCih8yMDA5IFF1YXNpcG9seW5vbWlhIzEzQzk1QjQucGRmAAAAAAAAAAAAAAAAAAAAAAAAAAAAAAAAAAAAAAAAAAABPJW0x1UHMwAAAAAAAAAAAAQABAAACSAAAAAAAAAAAAAAAAAAAAAIQnJ1c2NvbGkAEAAIAADDRyx2AAAAEQAIAADHVPkjAAAAAQAUAVKCigEvGWYBLs6nAAungAAAeWcAAgBQTWFjaW50b3NoIEhEOlVzZXJzOlRlcmplOkRyb3Bib3g6UGFwZXJzOkJydXNjb2xpOjIwMDkgUXVhc2lwb2x5bm9taWEjMTNDOTVCNC5wZGYADgCIAEMAMgAwADAAOQAgAFEAdQBhAHMAaQBwAG8AbAB5AG4AbwBtAGkAYQBsACAAbgBvAHIAbQBhAGwAaQBzAGEAdABpAG8AbgAgAGkAbgAgAGQAZQBlAHAAIABpAG4AZgBlAHIAZQBuAGMAZQAgAHYAaQBhACAAYQB0AG8AbQBpAGMALgBwAGQAZgAPABoADABNAGEAYwBpAG4AdABvAHMAaAAgAEgARAASAGdVc2Vycy9UZXJqZS9Ecm9wYm94L1BhcGVycy9CcnVzY29saS8yMDA5IFF1YXNpcG9seW5vbWlhbCBub3JtYWxpc2F0aW9uIGluIGRlZXAgaW5mZXJlbmNlIHZpYSBhdG9taWMucGRmAAATAAEvAAAVAAIADP//AACABdIcHR4fWCRjbGFzc2VzWiRjbGFzc25hbWWjHyAhXU5TTXV0YWJsZURhdGFWTlNEYXRhWE5TT2JqZWN0XxBnLi4vLi4vLi4vLi4vRHJvcGJveC9QYXBlcnMvQnJ1c2NvbGkvMjAwOSBRdWFzaXBvbHlub21pYWwgbm9ybWFsaXNhdGlvbiBpbiBkZWVwIGluZmVyZW5jZSB2aWEgYXRvbWljLnBkZtIcHSQloiUhXE5TRGljdGlvbmFyeRIAAYagXxAPTlNLZXllZEFyY2hpdmVyAAgAEQAWAB8AKAAyADUAOgA8AEUASwBSAF0AZQBsAG8AcQBzAHYAeAB6AHwAhgCTAJgAoALwAvIC9wMAAwsDDwMdAyQDLQOXA5wDnwOsA7EAAAAAAAACAQAAAAAAAAAoAAAAAAAAAAAAAAAAAAADww==}}

@article{guglielmi08,
	Author = {Guglielmi, Alessia and Gundersen, Tom},
	Date-Added = {2009-12-21 11:08:58 +0100},
	Date-Modified = {2009-12-21 12:14:26 +0100},
	Journal = {Logical Methods in Computer Science},
	Keywords = {Mathematics},
	Number = {1},
	Pages = {1--36},
	Publisher = {University of Bath},
	Title = {Normalisation control in deep inference via atomic flows},
	Volume = {4},
	Year = {2008},
	Bdsk-File-1 = {YnBsaXN0MDDUAQIDBAUIJidUJHRvcFgkb2JqZWN0c1gkdmVyc2lvblkkYXJjaGl2ZXLRBgdUcm9vdIABqAkKFRYXGyIjVSRudWxs0wsMDQ4RFFpOUy5vYmplY3RzV05TLmtleXNWJGNsYXNzog8QgASABqISE4ACgAOAB1lhbGlhc0RhdGFccmVsYXRpdmVQYXRo0hgNGRpXTlMuZGF0YU8RAjgAAAAAAjgAAgAADE1hY2ludG9zaCBIRAAAAAAAAAAAAAAAAAAAAMNHSJZIKwAAAVKChB8yMDA4IE5vcm1hbGlzYXRpb24gIzEzQzk1RDMucGRmAAAAAAAAAAAAAAAAAAAAAAAAAAAAAAAAAAAAAAAAAAABPJXTx1UHcwAAAAAAAAAAAAQABAAACSAAAAAAAAAAAAAAAAAAAAAJR3VnbGllbG1pAAAQAAgAAMNHLHYAAAARAAgAAMdU+WMAAAABABQBUoKEAS8ZZgEuzqcAC6eAAAB5ZwACAFFNYWNpbnRvc2ggSEQ6VXNlcnM6VGVyamU6RHJvcGJveDpQYXBlcnM6R3VnbGllbG1pOjIwMDggTm9ybWFsaXNhdGlvbiAjMTNDOTVEMy5wZGYAAA4AeAA7ADIAMAAwADgAIABOAG8AcgBtAGEAbABpAHMAYQB0AGkAbwBuACAAYwBvAG4AdAByAG8AbAAgAGkAbgAgAGQAZQBlAHAAIABpAG4AZgBlAHIAZQBuAGMAZQAgAHYAaQBhACAAYQB0AG8AbQBpAGMALgBwAGQAZgAPABoADABNAGEAYwBpAG4AdABvAHMAaAAgAEgARAASAGBVc2Vycy9UZXJqZS9Ecm9wYm94L1BhcGVycy9HdWdsaWVsbWkvMjAwOCBOb3JtYWxpc2F0aW9uIGNvbnRyb2wgaW4gZGVlcCBpbmZlcmVuY2UgdmlhIGF0b21pYy5wZGYAEwABLwAAFQACAAz//wAAgAXSHB0eH1gkY2xhc3Nlc1okY2xhc3NuYW1lox8gIV1OU011dGFibGVEYXRhVk5TRGF0YVhOU09iamVjdF8QYC4uLy4uLy4uLy4uL0Ryb3Bib3gvUGFwZXJzL0d1Z2xpZWxtaS8yMDA4IE5vcm1hbGlzYXRpb24gY29udHJvbCBpbiBkZWVwIGluZmVyZW5jZSB2aWEgYXRvbWljLnBkZtIcHSQloiUhXE5TRGljdGlvbmFyeRIAAYagXxAPTlNLZXllZEFyY2hpdmVyAAgAEQAWAB8AKAAyADUAOgA8AEUASwBSAF0AZQBsAG8AcQBzAHYAeAB6AHwAhgCTAJgAoALcAt4C4wLsAvcC+wMJAxADGQN8A4EDhAORA5YAAAAAAAACAQAAAAAAAAAoAAAAAAAAAAAAAAAAAAADqA==}}

@book{kreyszig78,
	Author = {Kreyszig, E.},
	Date-Added = {2009-12-15 15:17:26 +0100},
	Date-Modified = {2009-12-15 15:17:42 +0100},
	Keywords = {Mathematics},
	Publisher = {Wiley New York},
	Title = {Introductory functional analysis with applications},
	Year = {1978}}

@book{kernighan88,
	Author = {Kernighan, B.W. and Ritchie, D.M. and Ejeklint, P.},
	Date-Added = {2009-12-13 13:40:19 +0100},
	Date-Modified = {2009-12-13 13:40:50 +0100},
	Publisher = {Citeseer},
	Title = {The C programming language},
	Year = {1988}}

@article{chappell02,
	Author = {David T. Chappell and John H. L. Hansen},
	Date-Added = {2009-12-13 13:27:14 +0100},
	Date-Modified = {2009-12-13 13:32:55 +0100},
	Journal = {Speech Communication},
	Keywords = {Speech technology},
	Month = {March},
	Number = {3--4},
	Pages = {343--373},
	Publisher = {Elsevier B.V.},
	Title = {A comparison of spectral smoothing methods for segment concatenation based speech synthesis},
	Volume = {36},
	Year = {2002}}

@book{kay93,
	Address = {New Jersey},
	Author = {Steven M. Kay},
	Date-Added = {2009-12-09 16:08:03 +0100},
	Date-Modified = {2009-12-09 16:11:13 +0100},
	Keywords = {Signal processing},
	Publisher = {Prentice Hall International, Inc.},
	Title = {Fundamentals of Statistical Signal Processing: Estimation Theory},
	Year = {1993}}

@proceedings{itakura05,
	Address = {Shanghai, China},
	Author = {Fumitada Itakura},
	Date-Added = {2009-12-07 11:07:04 +0100},
	Date-Modified = {2009-12-21 12:14:41 +0100},
	Keywords = {Signal processing},
	Month = {September},
	Organization = {IEEE Engineering in Medicine and Biology},
	Title = {Itakura Distance: A Useful Similarity Measure between EEG and EOG Signals in Computer-aided Classification of Sleep Stages},
	Year = {2005},
	Bdsk-File-1 = {YnBsaXN0MDDUAQIDBAUIJidUJHRvcFgkb2JqZWN0c1gkdmVyc2lvblkkYXJjaGl2ZXLRBgdUcm9vdIABqAkKFRYXGyIjVSRudWxs0wsMDQ4RFFpOUy5vYmplY3RzV05TLmtleXNWJGNsYXNzog8QgASABqISE4ACgAOAB1lhbGlhc0RhdGFccmVsYXRpdmVQYXRo0hgNGRpXTlMuZGF0YU8RAiAAAAAAAiAAAgAADE1hY2ludG9zaCBIRAAAAAAAAAAAAAAAAAAAAMNHSJZIKwAAAVKCch8yMDA1IEl0YWt1cmEgRGlzdGFuIzEzOUMyNkQucGRmAAAAAAAAAAAAAAAAAAAAAAAAAAAAAAAAAAAAAAAAAAABOcJtx0KQvwAAAAAAAAAAAAQABAAACSAAAAAAAAAAAAAAAAAAAAAHSXRha3VyYQAAEAAIAADDRyx2AAAAEQAIAADHQoKvAAAAAQAUAVKCcgEvGWYBLs6nAAungAAAeWcAAgBPTWFjaW50b3NoIEhEOlVzZXJzOlRlcmplOkRyb3Bib3g6UGFwZXJzOkl0YWt1cmE6MjAwNSBJdGFrdXJhIERpc3RhbiMxMzlDMjZELnBkZgAADgBsADUAMgAwADAANQAgAEkAdABhAGsAdQByAGEAIABEAGkAcwB0AGEAbgBjAGUAIABBACAAVQBzAGUAZgB1AGwAIABTAGkAbQBpAGwAYQByAGkAdAB5ACAATQBlAGEAcwB1AHIAZQAuAHAAZABmAA8AGgAMAE0AYQBjAGkAbgB0AG8AcwBoACAASABEABIAWFVzZXJzL1RlcmplL0Ryb3Bib3gvUGFwZXJzL0l0YWt1cmEvMjAwNSBJdGFrdXJhIERpc3RhbmNlIEEgVXNlZnVsIFNpbWlsYXJpdHkgTWVhc3VyZS5wZGYAEwABLwAAFQACAAz//wAAgAXSHB0eH1gkY2xhc3Nlc1okY2xhc3NuYW1lox8gIV1OU011dGFibGVEYXRhVk5TRGF0YVhOU09iamVjdF8QWC4uLy4uLy4uLy4uL0Ryb3Bib3gvUGFwZXJzL0l0YWt1cmEvMjAwNSBJdGFrdXJhIERpc3RhbmNlIEEgVXNlZnVsIFNpbWlsYXJpdHkgTWVhc3VyZS5wZGbSHB0kJaIlIVxOU0RpY3Rpb25hcnkSAAGGoF8QD05TS2V5ZWRBcmNoaXZlcgAIABEAFgAfACgAMgA1ADoAPABFAEsAUgBdAGUAbABvAHEAcwB2AHgAegB8AIYAkwCYAKACxALGAssC1ALfAuMC8QL4AwEDXANhA2QDcQN2AAAAAAAAAgEAAAAAAAAAKAAAAAAAAAAAAAAAAAAAA4g=}}

@book{mclachlan97,
	Address = {New York},
	Author = {G. J. McLachlan and T. Krishnan},
	Date-Added = {2009-12-07 09:31:08 +0100},
	Date-Modified = {2009-12-07 09:37:59 +0100},
	Keywords = {Speech technology},
	Publisher = {Wiley Interscience},
	Title = {The EM algorithm and extensions},
	Year = {1997}}

@article{moulines95,
	Author = {Moulines, Eric and Laroche, Jean},
	Date-Added = {2009-12-03 14:36:22 +0100},
	Date-Modified = {2009-12-21 12:15:08 +0100},
	Journal = {Speech Communication},
	Keywords = {Speech technology},
	Number = {2},
	Pages = {175--205},
	Publisher = {Elsevier},
	Title = {Non-parametric techniques for pitch-scale and time-scale modification of speech},
	Volume = {16},
	Year = {1995},
	Bdsk-File-1 = {YnBsaXN0MDDUAQIDBAUIJidUJHRvcFgkb2JqZWN0c1gkdmVyc2lvblkkYXJjaGl2ZXLRBgdUcm9vdIABqAkKFRYXGyIjVSRudWxs0wsMDQ4RFFpOUy5vYmplY3RzV05TLmtleXNWJGNsYXNzog8QgASABqISE4ACgAOAB1lhbGlhc0RhdGFccmVsYXRpdmVQYXRo0hgNGRpXTlMuZGF0YU8RAmwAAAAAAmwAAgAADE1hY2ludG9zaCBIRAAAAAAAAAAAAAAAAAAAAMNHSJZIKwAAAVKChR8xOTk1IE5vbi1wYXJhbWV0cmljIzEzOTI1QjYucGRmAAAAAAAAAAAAAAAAAAAAAAAAAAAAAAAAAAAAAAAAAAABOSW2xz19hQAAAAAAAAAAAAQABAAACSAAAAAAAAAAAAAAAAAAAAAITW91bGluZXMAEAAIAADDRyx2AAAAEQAIAADHPW91AAAAAQAUAVKChQEvGWYBLs6nAAungAAAeWcAAgBQTWFjaW50b3NoIEhEOlVzZXJzOlRlcmplOkRyb3Bib3g6UGFwZXJzOk1vdWxpbmVzOjE5OTUgTm9uLXBhcmFtZXRyaWMjMTM5MjVCNi5wZGYADgCeAE4AMQA5ADkANQAgAE4AbwBuAC0AcABhAHIAYQBtAGUAdAByAGkAYwAgAHQAZQBjAGgAbgBpAHEAdQBlAHMAIABmAG8AcgAgAHAAaQB0AGMAaAAtAHMAYwBhAGwAZQAgAGEAbgBkACAAdABpAG0AZQAtAHMAYwBhAGwAZQAgAG0AbwBkAGkAZgBpAGMAYQB0AGkAbwBuAC4AcABkAGYADwAaAAwATQBhAGMAaQBuAHQAbwBzAGgAIABIAEQAEgByVXNlcnMvVGVyamUvRHJvcGJveC9QYXBlcnMvTW91bGluZXMvMTk5NSBOb24tcGFyYW1ldHJpYyB0ZWNobmlxdWVzIGZvciBwaXRjaC1zY2FsZSBhbmQgdGltZS1zY2FsZSBtb2RpZmljYXRpb24ucGRmABMAAS8AABUAAgAM//8AAIAF0hwdHh9YJGNsYXNzZXNaJGNsYXNzbmFtZaMfICFdTlNNdXRhYmxlRGF0YVZOU0RhdGFYTlNPYmplY3RfEHIuLi8uLi8uLi8uLi9Ecm9wYm94L1BhcGVycy9Nb3VsaW5lcy8xOTk1IE5vbi1wYXJhbWV0cmljIHRlY2huaXF1ZXMgZm9yIHBpdGNoLXNjYWxlIGFuZCB0aW1lLXNjYWxlIG1vZGlmaWNhdGlvbi5wZGbSHB0kJaIlIVxOU0RpY3Rpb25hcnkSAAGGoF8QD05TS2V5ZWRBcmNoaXZlcgAIABEAFgAfACgAMgA1ADoAPABFAEsAUgBdAGUAbABvAHEAcwB2AHgAegB8AIYAkwCYAKADEAMSAxcDIAMrAy8DPQNEA00DwgPHA8oD1wPcAAAAAAAAAgEAAAAAAAAAKAAAAAAAAAAAAAAAAAAAA+4=}}

@phdthesis{reynolds93,
	Address = {Atlanta},
	Author = {D. A. Reynolds},
	Date-Added = {2009-11-03 12:29:51 +0100},
	Date-Modified = {2009-11-03 12:32:19 +0100},
	Keywords = {Speech technology},
	Month = {August},
	School = {Georgia Inst. Technol.},
	Title = {A Gaussian mixture modeling approach to text-independent speaker identification},
	Year = {1993}}

@book{lawson74,
	Address = {Englewood Cliffs, NJ},
	Author = {C. L. Lawson and R. J. Hanson},
	Date-Added = {2009-10-30 09:39:32 +0100},
	Date-Modified = {2009-12-21 12:14:54 +0100},
	Keywords = {Mathematics},
	Publisher = {Prentice-Hall},
	Title = {Solving Least-Squares Problems},
	Year = {1974}}

@article{gray76,
	Author = {Gray, Augustine H., JR. and Markel, John D.},
	Date-Added = {2009-10-27 12:42:31 +0100},
	Date-Modified = {2010-03-12 11:20:36 +0100},
	Journal = {IEEE Transactions on Acoustics, Speech and Signal Processing},
	Keywords = {Speech technology},
	Number = {5},
	Pages = {380--391},
	Title = {Distance measures for speech processing},
	Volume = {24},
	Year = {1976},
	Bdsk-File-1 = {YnBsaXN0MDDUAQIDBAUIJidUJHRvcFgkb2JqZWN0c1gkdmVyc2lvblkkYXJjaGl2ZXLRBgdUcm9vdIABqAkKFRYXGyIjVSRudWxs0wsMDQ4RFFpOUy5vYmplY3RzV05TLmtleXNWJGNsYXNzog8QgASABqISE4ACgAOAB1lhbGlhc0RhdGFccmVsYXRpdmVQYXRo0hgNGRpXTlMuZGF0YU8RAgYAAAAAAgYAAgAADE1hY2ludG9zaCBIRAAAAAAAAAAAAAAAAAAAAMNHSJZIKwAAAVKCfB8xOTc2IERpc3RhbmNlIG1lYXN1IzEyRDNDNjIucGRmAAAAAAAAAAAAAAAAAAAAAAAAAAAAAAAAAAAAAAAAAAABLTxixwybCwAAAAAAAAAAAAQABAAACSAAAAAAAAAAAAAAAAAAAAAER3JheQAQAAgAAMNHLHYAAAARAAgAAMcMjPsAAAABABQBUoJ8AS8ZZgEuzqcAC6eAAAB5ZwACAExNYWNpbnRvc2ggSEQ6VXNlcnM6VGVyamU6RHJvcGJveDpQYXBlcnM6R3JheToxOTc2IERpc3RhbmNlIG1lYXN1IzEyRDNDNjIucGRmAA4AYgAwADEAOQA3ADYAIABEAGkAcwB0AGEAbgBjAGUAIABtAGUAYQBzAHUAcgBlAHMAIABmAG8AcgAgAHMAcABlAGUAYwBoACAAcAByAG8AYwBlAHMAcwBpAG4AZwAuAHAAZABmAA8AGgAMAE0AYQBjAGkAbgB0AG8AcwBoACAASABEABIAUFVzZXJzL1RlcmplL0Ryb3Bib3gvUGFwZXJzL0dyYXkvMTk3NiBEaXN0YW5jZSBtZWFzdXJlcyBmb3Igc3BlZWNoIHByb2Nlc3NpbmcucGRmABMAAS8AABUAAgAM//8AAIAF0hwdHh9YJGNsYXNzZXNaJGNsYXNzbmFtZaMfICFdTlNNdXRhYmxlRGF0YVZOU0RhdGFYTlNPYmplY3RfEFAuLi8uLi8uLi8uLi9Ecm9wYm94L1BhcGVycy9HcmF5LzE5NzYgRGlzdGFuY2UgbWVhc3VyZXMgZm9yIHNwZWVjaCBwcm9jZXNzaW5nLnBkZtIcHSQloiUhXE5TRGljdGlvbmFyeRIAAYagXxAPTlNLZXllZEFyY2hpdmVyAAgAEQAWAB8AKAAyADUAOgA8AEUASwBSAF0AZQBsAG8AcQBzAHYAeAB6AHwAhgCTAJgAoAKqAqwCsQK6AsUCyQLXAt4C5wM6Az8DQgNPA1QAAAAAAAACAQAAAAAAAAAoAAAAAAAAAAAAAAAAAAADZg==}}

@article{ye06,
	Author = {Hui Ye and Young, S.},
	Date-Added = {2009-10-26 12:58:51 +0100},
	Date-Modified = {2009-10-26 14:03:18 +0100},
	Journal = {IEEE Transactions on Audio, Speech, and Language Processing},
	Keywords = {Speech technology},
	Month = {July},
	Number = {4},
	Pages = {1301--1312},
	Rating = {5},
	Read = {Yes},
	Title = {Quality-enhanced voice morphing using maximum likelihood transformations},
	Volume = {14},
	Year = {2006},
	Bdsk-File-1 = {YnBsaXN0MDDUAQIDBAUIJidUJHRvcFgkb2JqZWN0c1gkdmVyc2lvblkkYXJjaGl2ZXLRBgdUcm9vdIABqAkKFRYXGyIjVSRudWxs0wsMDQ4RFFpOUy5vYmplY3RzV05TLmtleXNWJGNsYXNzog8QgASABqISE4ACgAOAB1lhbGlhc0RhdGFccmVsYXRpdmVQYXRo0hgNGRpXTlMuZGF0YU8RAhIAAAAAAhIAAgAADE1hY2ludG9zaCBIRAAAAAAAAAAAAAAAAAAAAMNHSJZIKwAAAVKCfR8yMDA2IFF1YWxpdHktZW5oYW5jIzEyQ0ZFRDEucGRmAAAAAAAAAAAAAAAAAAAAAAAAAAAAAAAAAAAAAAAAAAABLP7RxwtNggAAAAAAAAAAAAQABAAACSAAAAAAAAAAAAAAAAAAAAACWWUAEAAIAADDRyx2AAAAEQAIAADHCz9yAAAAAQAUAVKCfQEvGWYBLs6nAAungAAAeWcAAgBKTWFjaW50b3NoIEhEOlVzZXJzOlRlcmplOkRyb3Bib3g6UGFwZXJzOlllOjIwMDYgUXVhbGl0eS1lbmhhbmMjMTJDRkVEMS5wZGYADgBuADYAMgAwADAANgAgAFEAdQBhAGwAaQB0AHkALQBlAG4AaABhAG4AYwBlAGQAIAB2AG8AaQBjAGUAIABtAG8AcgBwAGgAaQBuAGcAIAB1AHMAaQBuAGcAIABtAGEAeABpAG0AdQBtAC4AcABkAGYADwAaAAwATQBhAGMAaQBuAHQAbwBzAGgAIABIAEQAEgBUVXNlcnMvVGVyamUvRHJvcGJveC9QYXBlcnMvWWUvMjAwNiBRdWFsaXR5LWVuaGFuY2VkIHZvaWNlIG1vcnBoaW5nIHVzaW5nIG1heGltdW0ucGRmABMAAS8AABUAAgAM//8AAIAF0hwdHh9YJGNsYXNzZXNaJGNsYXNzbmFtZaMfICFdTlNNdXRhYmxlRGF0YVZOU0RhdGFYTlNPYmplY3RfEFQuLi8uLi8uLi8uLi9Ecm9wYm94L1BhcGVycy9ZZS8yMDA2IFF1YWxpdHktZW5oYW5jZWQgdm9pY2UgbW9ycGhpbmcgdXNpbmcgbWF4aW11bS5wZGbSHB0kJaIlIVxOU0RpY3Rpb25hcnkSAAGGoF8QD05TS2V5ZWRBcmNoaXZlcgAIABEAFgAfACgAMgA1ADoAPABFAEsAUgBdAGUAbABvAHEAcwB2AHgAegB8AIYAkwCYAKACtgK4Ar0CxgLRAtUC4wLqAvMDSgNPA1IDXwNkAAAAAAAAAgEAAAAAAAAAKAAAAAAAAAAAAAAAAAAAA3Y=}}

@article{erro08,
	Author = {Erro, D. and Polyakova, T. and Moreno, A.},
	Date-Added = {2009-10-26 12:55:07 +0100},
	Date-Modified = {2009-10-26 12:56:17 +0100},
	Journal = {IEEE International Conference on Acoustics, Speech, and Signal Processing, ICASSP},
	Keywords = {Speech technology},
	Month = {April},
	Pages = {4665--4668},
	Title = {On combining statistical methods and frequency warping for high-quality voice conversion},
	Year = {2008},
	Bdsk-File-1 = {YnBsaXN0MDDUAQIDBAUIJidUJHRvcFgkb2JqZWN0c1gkdmVyc2lvblkkYXJjaGl2ZXLRBgdUcm9vdIABqAkKFRYXGyIjVSRudWxs0wsMDQ4RFFpOUy5vYmplY3RzV05TLmtleXNWJGNsYXNzog8QgASABqISE4ACgAOAB1lhbGlhc0RhdGFccmVsYXRpdmVQYXRo0hgNGRpXTlMuZGF0YU8RAjQAAAAAAjQAAgAADE1hY2ludG9zaCBIRAAAAAAAAAAAAAAAAAAAAMNHSJZIKwAAAVKCcB8yMDA4IE9uIGNvbWJpbmluZyBzIzEyQ0ZFNTMucGRmAAAAAAAAAAAAAAAAAAAAAAAAAAAAAAAAAAAAAAAAAAABLP5TxwtMmQAAAAAAAAAAAAQABAAACSAAAAAAAAAAAAAAAAAAAAAERXJybwAQAAgAAMNHLHYAAAARAAgAAMcLPokAAAABABQBUoJwAS8ZZgEuzqcAC6eAAAB5ZwACAExNYWNpbnRvc2ggSEQ6VXNlcnM6VGVyamU6RHJvcGJveDpQYXBlcnM6RXJybzoyMDA4IE9uIGNvbWJpbmluZyBzIzEyQ0ZFNTMucGRmAA4AgAA/ADIAMAAwADgAIABPAG4AIABjAG8AbQBiAGkAbgBpAG4AZwAgAHMAdABhAHQAaQBzAHQAaQBjAGEAbAAgAG0AZQB0AGgAbwBkAHMAIABhAG4AZAAgAGYAcgBlAHEAdQBlAG4AYwB5ACAAdwBhAHIAcABpAG4AZwAuAHAAZABmAA8AGgAMAE0AYQBjAGkAbgB0AG8AcwBoACAASABEABIAX1VzZXJzL1RlcmplL0Ryb3Bib3gvUGFwZXJzL0Vycm8vMjAwOCBPbiBjb21iaW5pbmcgc3RhdGlzdGljYWwgbWV0aG9kcyBhbmQgZnJlcXVlbmN5IHdhcnBpbmcucGRmAAATAAEvAAAVAAIADP//AACABdIcHR4fWCRjbGFzc2VzWiRjbGFzc25hbWWjHyAhXU5TTXV0YWJsZURhdGFWTlNEYXRhWE5TT2JqZWN0XxBfLi4vLi4vLi4vLi4vRHJvcGJveC9QYXBlcnMvRXJyby8yMDA4IE9uIGNvbWJpbmluZyBzdGF0aXN0aWNhbCBtZXRob2RzIGFuZCBmcmVxdWVuY3kgd2FycGluZy5wZGbSHB0kJaIlIVxOU0RpY3Rpb25hcnkSAAGGoF8QD05TS2V5ZWRBcmNoaXZlcgAIABEAFgAfACgAMgA1ADoAPABFAEsAUgBdAGUAbABvAHEAcwB2AHgAegB8AIYAkwCYAKAC2ALaAt8C6ALzAvcDBQMMAxUDdwN8A38DjAORAAAAAAAAAgEAAAAAAAAAKAAAAAAAAAAAAAAAAAAAA6M=}}

@article{toda01,
	Author = {Toda, T. and Saruwatari, H. and Shikano, K.},
	Date-Added = {2009-10-26 12:52:17 +0100},
	Date-Modified = {2009-10-26 12:56:46 +0100},
	Journal = {IEEE International Conference on Acoustics, Speech, and Signal Processing, ICASSP},
	Keywords = {Speech technology},
	Pages = {841--844},
	Title = {Voice conversion algorithm based on Gaussian mixture model with dynamic frequency warping of STRAIGHT spectrum},
	Volume = {2},
	Year = {2001},
	Bdsk-File-1 = {YnBsaXN0MDDUAQIDBAUIJidUJHRvcFgkb2JqZWN0c1gkdmVyc2lvblkkYXJjaGl2ZXLRBgdUcm9vdIABqAkKFRYXGyIjVSRudWxs0wsMDQ4RFFpOUy5vYmplY3RzV05TLmtleXNWJGNsYXNzog8QgASABqISE4ACgAOAB1lhbGlhc0RhdGFccmVsYXRpdmVQYXRo0hgNGRpXTlMuZGF0YU8RAhYAAAAAAhYAAgAADE1hY2ludG9zaCBIRAAAAAAAAAAAAAAAAAAAAMNHSJZIKwAAAVKCcR8yMDAxIFZvaWNlIGNvbnZlcnNpIzEyQ0ZEQUEucGRmAAAAAAAAAAAAAAAAAAAAAAAAAAAAAAAAAAAAAAAAAAABLP2qxwtL4gAAAAAAAAAAAAQABAAACSAAAAAAAAAAAAAAAAAAAAAEVG9kYQAQAAgAAMNHLHYAAAARAAgAAMcLPdIAAAABABQBUoJxAS8ZZgEuzqcAC6eAAAB5ZwACAExNYWNpbnRvc2ggSEQ6VXNlcnM6VGVyamU6RHJvcGJveDpQYXBlcnM6VG9kYToyMDAxIFZvaWNlIGNvbnZlcnNpIzEyQ0ZEQUEucGRmAA4AbAA1ADIAMAAwADEAIABWAG8AaQBjAGUAIABjAG8AbgB2AGUAcgBzAGkAbwBuACAAYQBsAGcAbwByAGkAdABoAG0AIABiAGEAcwBlAGQAIABvAG4AIABHAGEAdQBzAHMAaQBhAG4ALgBwAGQAZgAPABoADABNAGEAYwBpAG4AdABvAHMAaAAgAEgARAASAFVVc2Vycy9UZXJqZS9Ecm9wYm94L1BhcGVycy9Ub2RhLzIwMDEgVm9pY2UgY29udmVyc2lvbiBhbGdvcml0aG0gYmFzZWQgb24gR2F1c3NpYW4ucGRmAAATAAEvAAAVAAIADP//AACABdIcHR4fWCRjbGFzc2VzWiRjbGFzc25hbWWjHyAhXU5TTXV0YWJsZURhdGFWTlNEYXRhWE5TT2JqZWN0XxBVLi4vLi4vLi4vLi4vRHJvcGJveC9QYXBlcnMvVG9kYS8yMDAxIFZvaWNlIGNvbnZlcnNpb24gYWxnb3JpdGhtIGJhc2VkIG9uIEdhdXNzaWFuLnBkZtIcHSQloiUhXE5TRGljdGlvbmFyeRIAAYagXxAPTlNLZXllZEFyY2hpdmVyAAgAEQAWAB8AKAAyADUAOgA8AEUASwBSAF0AZQBsAG8AcQBzAHYAeAB6AHwAhgCTAJgAoAK6ArwCwQLKAtUC2QLnAu4C9wNPA1QDVwNkA2kAAAAAAAACAQAAAAAAAAAoAAAAAAAAAAAAAAAAAAADew==}}

@incollection{itakura90,
	Address = {California, US},
	Annote = {http://books.google.com/books?hl=en&lr=&id=yjzCra5eW3AC&oi=fnd&pg=PA154&dq=itakura+distance+itakura&ots=M-5FnAmK9a&sig=23c6o1fDDD3dN7fzNkG0xyuvEIg#v=onepage&q=itakura%20distance%20itakura&f=false},
	Author = {Fumitada Itakura},
	Booktitle = {Readings in speech recognition},
	Chapter = {4},
	Date-Added = {2009-10-22 12:18:57 +0200},
	Date-Modified = {2009-10-22 12:37:30 +0200},
	Editor = {Alex Waibel and Kai-Fu Lee},
	Keywords = {Speech technology},
	Pages = {154--187},
	Publisher = {Morgan Kaufmann Publishers, Inc.},
	Title = {Minimum Prediction Residual Principle Applied to Speech Recognition},
	Year = {1990},
	Bdsk-File-1 = {YnBsaXN0MDDUAQIDBAUIJidUJHRvcFgkb2JqZWN0c1gkdmVyc2lvblkkYXJjaGl2ZXLRBgdUcm9vdIABqAkKFRYXGyIjVSRudWxs0wsMDQ4RFFpOUy5vYmplY3RzV05TLmtleXNWJGNsYXNzog8QgASABqISE4ACgAOAB1lhbGlhc0RhdGFccmVsYXRpdmVQYXRo0hgNGRpXTlMuZGF0YU8RAiQAAAAAAiQAAgAADE1hY2ludG9zaCBIRAAAAAAAAAAAAAAAAAAAAMNHSJZIKwAAAVKCch8xOTkwIE1pbmltdW0gUHJlZGljIzEzOUMyNUUucGRmAAAAAAAAAAAAAAAAAAAAAAAAAAAAAAAAAAAAAAAAAAABOcJex0KQvAAAAAAAAAAAAAQABAAACSAAAAAAAAAAAAAAAAAAAAAHSXRha3VyYQAAEAAIAADDRyx2AAAAEQAIAADHQoKsAAAAAQAUAVKCcgEvGWYBLs6nAAungAAAeWcAAgBPTWFjaW50b3NoIEhEOlVzZXJzOlRlcmplOkRyb3Bib3g6UGFwZXJzOkl0YWt1cmE6MTk5MCBNaW5pbXVtIFByZWRpYyMxMzlDMjVFLnBkZgAADgBuADYAMQA5ADkAMAAgAE0AaQBuAGkAbQB1AG0AIABQAHIAZQBkAGkAYwB0AGkAbwBuACAAUgBlAHMAaQBkAHUAYQBsACAAUAByAGkAbgBjAGkAcABsAGUAIABBAHAAcABsAGkAZQBkAC4AcABkAGYADwAaAAwATQBhAGMAaQBuAHQAbwBzAGgAIABIAEQAEgBZVXNlcnMvVGVyamUvRHJvcGJveC9QYXBlcnMvSXRha3VyYS8xOTkwIE1pbmltdW0gUHJlZGljdGlvbiBSZXNpZHVhbCBQcmluY2lwbGUgQXBwbGllZC5wZGYAABMAAS8AABUAAgAM//8AAIAF0hwdHh9YJGNsYXNzZXNaJGNsYXNzbmFtZaMfICFdTlNNdXRhYmxlRGF0YVZOU0RhdGFYTlNPYmplY3RfEFkuLi8uLi8uLi8uLi9Ecm9wYm94L1BhcGVycy9JdGFrdXJhLzE5OTAgTWluaW11bSBQcmVkaWN0aW9uIFJlc2lkdWFsIFByaW5jaXBsZSBBcHBsaWVkLnBkZtIcHSQloiUhXE5TRGljdGlvbmFyeRIAAYagXxAPTlNLZXllZEFyY2hpdmVyAAgAEQAWAB8AKAAyADUAOgA8AEUASwBSAF0AZQBsAG8AcQBzAHYAeAB6AHwAhgCTAJgAoALIAsoCzwLYAuMC5wL1AvwDBQNhA2YDaQN2A3sAAAAAAAACAQAAAAAAAAAoAAAAAAAAAAAAAAAAAAADjQ==}}

@article{itakura87,
	Author = {Itakura, Fumitada and Umezaki, Taizo},
	Date-Modified = {2009-10-22 12:34:20 +0200},
	Journal = {IEEE International Conference on Acoustics, Speech, and Signal Processing, ICASSP},
	Keywords = {Speech technology},
	Month = {April},
	Pages = {1257-1260},
	Title = {Distance measure for speech recognition based on the smoothed group delay spectrum},
	Volume = {12},
	Year = {1987},
	Bdsk-File-1 = {YnBsaXN0MDDUAQIDBAUIJidUJHRvcFgkb2JqZWN0c1gkdmVyc2lvblkkYXJjaGl2ZXLRBgdUcm9vdIABqAkKFRYXGyIjVSRudWxs0wsMDQ4RFFpOUy5vYmplY3RzV05TLmtleXNWJGNsYXNzog8QgASABqISE4ACgAOAB1lhbGlhc0RhdGFccmVsYXRpdmVQYXRo0hgNGRpXTlMuZGF0YU8RAiQAAAAAAiQAAgAADE1hY2ludG9zaCBIRAAAAAAAAAAAAAAAAAAAAMNHSJZIKwAAAVKCch8xOTg3IERpc3RhbmNlIG1lYXN1IzEyQkUwOUMucGRmAAAAAAAAAAAAAAAAAAAAAAAAAAAAAAAAAAAAAAAAAAABK+CcxwYAywAAAAAAAAAAAAQABAAACSAAAAAAAAAAAAAAAAAAAAAHSXRha3VyYQAAEAAIAADDRyx2AAAAEQAIAADHBeSrAAAAAQAUAVKCcgEvGWYBLs6nAAungAAAeWcAAgBPTWFjaW50b3NoIEhEOlVzZXJzOlRlcmplOkRyb3Bib3g6UGFwZXJzOkl0YWt1cmE6MTk4NyBEaXN0YW5jZSBtZWFzdSMxMkJFMDlDLnBkZgAADgBuADYAMQA5ADgANwAgAEQAaQBzAHQAYQBuAGMAZQAgAG0AZQBhAHMAdQByAGUAIABmAG8AcgAgAHMAcABlAGUAYwBoACAAcgBlAGMAbwBnAG4AaQB0AGkAbwBuACAAYgBhAHMAZQBkAC4AcABkAGYADwAaAAwATQBhAGMAaQBuAHQAbwBzAGgAIABIAEQAEgBZVXNlcnMvVGVyamUvRHJvcGJveC9QYXBlcnMvSXRha3VyYS8xOTg3IERpc3RhbmNlIG1lYXN1cmUgZm9yIHNwZWVjaCByZWNvZ25pdGlvbiBiYXNlZC5wZGYAABMAAS8AABUAAgAM//8AAIAF0hwdHh9YJGNsYXNzZXNaJGNsYXNzbmFtZaMfICFdTlNNdXRhYmxlRGF0YVZOU0RhdGFYTlNPYmplY3RfEFkuLi8uLi8uLi8uLi9Ecm9wYm94L1BhcGVycy9JdGFrdXJhLzE5ODcgRGlzdGFuY2UgbWVhc3VyZSBmb3Igc3BlZWNoIHJlY29nbml0aW9uIGJhc2VkLnBkZtIcHSQloiUhXE5TRGljdGlvbmFyeRIAAYagXxAPTlNLZXllZEFyY2hpdmVyAAgAEQAWAB8AKAAyADUAOgA8AEUASwBSAF0AZQBsAG8AcQBzAHYAeAB6AHwAhgCTAJgAoALIAsoCzwLYAuMC5wL1AvwDBQNhA2YDaQN2A3sAAAAAAAACAQAAAAAAAAAoAAAAAAAAAAAAAAAAAAADjQ==}}

@article{shannon49,
	Author = {Shannon, Claude Elwood},
	Date-Added = {2009-10-20 11:47:45 +0200},
	Date-Modified = {2009-10-20 11:52:27 +0200},
	Journal = {Bell System Technical Journal},
	Keywords = {Communication Theory},
	Number = {4},
	Pages = {656---715},
	Title = {Communication Theory of Secrecy Systems},
	Volume = {28},
	Year = {1949},
	Bdsk-File-1 = {YnBsaXN0MDDUAQIDBAUIJidUJHRvcFgkb2JqZWN0c1gkdmVyc2lvblkkYXJjaGl2ZXLRBgdUcm9vdIABqAkKFRYXGyIjVSRudWxs0wsMDQ4RFFpOUy5vYmplY3RzV05TLmtleXNWJGNsYXNzog8QgASABqISE4ACgAOAB1lhbGlhc0RhdGFccmVsYXRpdmVQYXRo0hgNGRpXTlMuZGF0YU8RAhIAAAAAAhIAAgAADE1hY2ludG9zaCBIRAAAAAAAAAAAAAAAAAAAAMNHSJZIKwAAAVKCax8xOTQ5IENvbW11bmljYXRpb24gIzEyQjUzMTYucGRmAAAAAAAAAAAAAAAAAAAAAAAAAAAAAAAAAAAAAAAAAAABK1MWxwNT1gAAAAAAAAAAAAQABAAACSAAAAAAAAAAAAAAAAAAAAAHU2hhbm5vbgAAEAAIAADDRyx2AAAAEQAIAADHAze2AAAAAQAUAVKCawEvGWYBLs6nAAungAAAeWcAAgBPTWFjaW50b3NoIEhEOlVzZXJzOlRlcmplOkRyb3Bib3g6UGFwZXJzOlNoYW5ub246MTk0OSBDb21tdW5pY2F0aW9uICMxMkI1MzE2LnBkZgAADgBiADAAMQA5ADQAOQAgAEMAbwBtAG0AdQBuAGkAYwBhAHQAaQBvAG4AIABUAGgAZQBvAHIAeQAgAG8AZgAgAFMAZQBjAHIAZQBjAHkAIABTAHkAcwB0AGUAbQBzAC4AcABkAGYADwAaAAwATQBhAGMAaQBuAHQAbwBzAGgAIABIAEQAEgBTVXNlcnMvVGVyamUvRHJvcGJveC9QYXBlcnMvU2hhbm5vbi8xOTQ5IENvbW11bmljYXRpb24gVGhlb3J5IG9mIFNlY3JlY3kgU3lzdGVtcy5wZGYAABMAAS8AABUAAgAM//8AAIAF0hwdHh9YJGNsYXNzZXNaJGNsYXNzbmFtZaMfICFdTlNNdXRhYmxlRGF0YVZOU0RhdGFYTlNPYmplY3RfEFMuLi8uLi8uLi8uLi9Ecm9wYm94L1BhcGVycy9TaGFubm9uLzE5NDkgQ29tbXVuaWNhdGlvbiBUaGVvcnkgb2YgU2VjcmVjeSBTeXN0ZW1zLnBkZtIcHSQloiUhXE5TRGljdGlvbmFyeRIAAYagXxAPTlNLZXllZEFyY2hpdmVyAAgAEQAWAB8AKAAyADUAOgA8AEUASwBSAF0AZQBsAG8AcQBzAHYAeAB6AHwAhgCTAJgAoAK2ArgCvQLGAtEC1QLjAuoC8wNJA04DUQNeA2MAAAAAAAACAQAAAAAAAAAoAAAAAAAAAAAAAAAAAAADdQ==}}

@article{itakura75,
	Author = {Fumitada Itakura},
	Date-Modified = {2009-10-22 12:37:41 +0200},
	Journal = {The Journal of the Acoustical Society of America},
	Keywords = {Speech technology},
	Pages = {S35},
	Publisher = {ASA},
	Title = {Line spectrum representation of linear predictor coefficients of speech signals},
	Volume = {57},
	Year = {1975},
	Bdsk-File-1 = {YnBsaXN0MDDUAQIDBAUIJidUJHRvcFgkb2JqZWN0c1gkdmVyc2lvblkkYXJjaGl2ZXLRBgdUcm9vdIABqAkKFRYXGyIjVSRudWxs0wsMDQ4RFFpOUy5vYmplY3RzV05TLmtleXNWJGNsYXNzog8QgASABqISE4ACgAOAB1lhbGlhc0RhdGFccmVsYXRpdmVQYXRo0hgNGRpXTlMuZGF0YU8RAiwAAAAAAiwAAgAADE1hY2ludG9zaCBIRAAAAAAAAAAAAAAAAAAAAMNHSJZIKwAAAVKCch8xOTc1IExpbmUgc3BlY3RydW0gIzEyQkQ2RTkucGRmAAAAAAAAAAAAAAAAAAAAAAAAAAAAAAAAAAAAAAAAAAABK9bpxwX2fgAAAAAAAAAAAAQABAAACSAAAAAAAAAAAAAAAAAAAAAHSXRha3VyYQAAEAAIAADDRyx2AAAAEQAIAADHBdpeAAAAAQAUAVKCcgEvGWYBLs6nAAungAAAeWcAAgBPTWFjaW50b3NoIEhEOlVzZXJzOlRlcmplOkRyb3Bib3g6UGFwZXJzOkl0YWt1cmE6MTk3NSBMaW5lIHNwZWN0cnVtICMxMkJENkU5LnBkZgAADgB0ADkAMQA5ADcANQAgAEwAaQBuAGUAIABzAHAAZQBjAHQAcgB1AG0AIAByAGUAcAByAGUAcwBlAG4AdABhAHQAaQBvAG4AIABvAGYAIABsAGkAbgBlAGEAcgAgAHAAcgBlAGQAaQBjAHQAbwByAC4AcABkAGYADwAaAAwATQBhAGMAaQBuAHQAbwBzAGgAIABIAEQAEgBcVXNlcnMvVGVyamUvRHJvcGJveC9QYXBlcnMvSXRha3VyYS8xOTc1IExpbmUgc3BlY3RydW0gcmVwcmVzZW50YXRpb24gb2YgbGluZWFyIHByZWRpY3Rvci5wZGYAEwABLwAAFQACAAz//wAAgAXSHB0eH1gkY2xhc3Nlc1okY2xhc3NuYW1lox8gIV1OU011dGFibGVEYXRhVk5TRGF0YVhOU09iamVjdF8QXC4uLy4uLy4uLy4uL0Ryb3Bib3gvUGFwZXJzL0l0YWt1cmEvMTk3NSBMaW5lIHNwZWN0cnVtIHJlcHJlc2VudGF0aW9uIG9mIGxpbmVhciBwcmVkaWN0b3IucGRm0hwdJCWiJSFcTlNEaWN0aW9uYXJ5EgABhqBfEA9OU0tleWVkQXJjaGl2ZXIACAARABYAHwAoADIANQA6ADwARQBLAFIAXQBlAGwAbwBxAHMAdgB4AHoAfACGAJMAmACgAtAC0gLXAuAC6wLvAv0DBAMNA2wDcQN0A4EDhgAAAAAAAAIBAAAAAAAAACgAAAAAAAAAAAAAAAAAAAOY}}

@article{atal74,
	Author = {Atal, B. S.},
	Date-Added = {2009-10-14 13:13:16 +0200},
	Date-Modified = {2009-10-26 12:56:30 +0100},
	Journal = {Journal of the Acoustical Society of America},
	Keywords = {Speech technology},
	Month = {June},
	Number = {6},
	Pages = {1304--1312},
	Title = {Effectiveness of linear prediction characteristics of the speech wave for automatic speaker identification and verification},
	Volume = {55},
	Year = {1974},
	Bdsk-File-1 = {YnBsaXN0MDDUAQIDBAUIJidUJHRvcFgkb2JqZWN0c1gkdmVyc2lvblkkYXJjaGl2ZXLRBgdUcm9vdIABqAkKFRYXGyIjVSRudWxs0wsMDQ4RFFpOUy5vYmplY3RzV05TLmtleXNWJGNsYXNzog8QgASABqISE4ACgAOAB1lhbGlhc0RhdGFccmVsYXRpdmVQYXRo0hgNGRpXTlMuZGF0YU8RAlIAAAAAAlIAAgAADE1hY2ludG9zaCBIRAAAAAAAAAAAAAAAAAAAAMNHSJZIKwAAAVKCeR8xOTc0IEVmZmVjdGl2ZW5lc3MgIzEyOEI3MkQucGRmAAAAAAAAAAAAAAAAAAAAAAAAAAAAAAAAAAAAAAAAAAABKLctxvt+ugAAAAAAAAAAAAQABAAACSAAAAAAAAAAAAAAAAAAAAAEQXRhbAAQAAgAAMNHLHYAAAARAAgAAMb7YpoAAAABABQBUoJ5AS8ZZgEuzqcAC6eAAAB5ZwACAExNYWNpbnRvc2ggSEQ6VXNlcnM6VGVyamU6RHJvcGJveDpQYXBlcnM6QXRhbDoxOTc0IEVmZmVjdGl2ZW5lc3MgIzEyOEI3MkQucGRmAA4AlABJADEAOQA3ADQAIABFAGYAZgBlAGMAdABpAHYAZQBuAGUAcwBzACAAbwBmACAAbABpAG4AZQBhAHIAIABwAHIAZQBkAGkAYwB0AGkAbwBuACAAYwBoAGEAcgBhAGMAdABlAHIAaQBzAHQAaQBjAHMAIABvAGYAIAB0AGgAZQAgAHMAcABlAGUAYwBoAC4AcABkAGYADwAaAAwATQBhAGMAaQBuAHQAbwBzAGgAIABIAEQAEgBpVXNlcnMvVGVyamUvRHJvcGJveC9QYXBlcnMvQXRhbC8xOTc0IEVmZmVjdGl2ZW5lc3Mgb2YgbGluZWFyIHByZWRpY3Rpb24gY2hhcmFjdGVyaXN0aWNzIG9mIHRoZSBzcGVlY2gucGRmAAATAAEvAAAVAAIADP//AACABdIcHR4fWCRjbGFzc2VzWiRjbGFzc25hbWWjHyAhXU5TTXV0YWJsZURhdGFWTlNEYXRhWE5TT2JqZWN0XxBpLi4vLi4vLi4vLi4vRHJvcGJveC9QYXBlcnMvQXRhbC8xOTc0IEVmZmVjdGl2ZW5lc3Mgb2YgbGluZWFyIHByZWRpY3Rpb24gY2hhcmFjdGVyaXN0aWNzIG9mIHRoZSBzcGVlY2gucGRm0hwdJCWiJSFcTlNEaWN0aW9uYXJ5EgABhqBfEA9OU0tleWVkQXJjaGl2ZXIACAARABYAHwAoADIANQA6ADwARQBLAFIAXQBlAGwAbwBxAHMAdgB4AHoAfACGAJMAmACgAvYC+AL9AwYDEQMVAyMDKgMzA58DpAOnA7QDuQAAAAAAAAIBAAAAAAAAACgAAAAAAAAAAAAAAAAAAAPL}}

@article{shannon48,
	Author = {Shannon, Claude Elwood},
	Date-Added = {2009-10-06 10:28:13 +0200},
	Date-Modified = {2009-10-20 11:59:09 +0200},
	Journal = {Bell System Technical Journal},
	Keywords = {Communication Theory},
	Pages = {623--656},
	Title = {A Mathematical Theory of Communication},
	Volume = {27},
	Year = {1948},
	Bdsk-File-1 = {YnBsaXN0MDDUAQIDBAUIJidUJHRvcFgkb2JqZWN0c1gkdmVyc2lvblkkYXJjaGl2ZXLRBgdUcm9vdIABqAkKFRYXGyIjVSRudWxs0wsMDQ4RFFpOUy5vYmplY3RzV05TLmtleXNWJGNsYXNzog8QgASABqISE4ACgAOAB1lhbGlhc0RhdGFccmVsYXRpdmVQYXRo0hgNGRpXTlMuZGF0YU8RAg4AAAAAAg4AAgAADE1hY2ludG9zaCBIRAAAAAAAAAAAAAAAAAAAAMNHSJZIKwAAAVKCax8xOTQ4IEEgTWF0aGVtYXRpY2FsIzEyQjU0NzIucGRmAAAAAAAAAAAAAAAAAAAAAAAAAAAAAAAAAAAAAAAAAAABK1RyxwNVUQAAAAAAAAAAAAQABAAACSAAAAAAAAAAAAAAAAAAAAAHU2hhbm5vbgAAEAAIAADDRyx2AAAAEQAIAADHAzkxAAAAAQAUAVKCawEvGWYBLs6nAAungAAAeWcAAgBPTWFjaW50b3NoIEhEOlVzZXJzOlRlcmplOkRyb3Bib3g6UGFwZXJzOlNoYW5ub246MTk0OCBBIE1hdGhlbWF0aWNhbCMxMkI1NDcyLnBkZgAADgBgAC8AMQA5ADQAOAAgAEEAIABNAGEAdABoAGUAbQBhAHQAaQBjAGEAbAAgAFQAaABlAG8AcgB5ACAAbwBmACAAQwBvAG0AbQB1AG4AaQBjAGEAdABpAG8AbgAuAHAAZABmAA8AGgAMAE0AYQBjAGkAbgB0AG8AcwBoACAASABEABIAUlVzZXJzL1RlcmplL0Ryb3Bib3gvUGFwZXJzL1NoYW5ub24vMTk0OCBBIE1hdGhlbWF0aWNhbCBUaGVvcnkgb2YgQ29tbXVuaWNhdGlvbi5wZGYAEwABLwAAFQACAAz//wAAgAXSHB0eH1gkY2xhc3Nlc1okY2xhc3NuYW1lox8gIV1OU011dGFibGVEYXRhVk5TRGF0YVhOU09iamVjdF8QUi4uLy4uLy4uLy4uL0Ryb3Bib3gvUGFwZXJzL1NoYW5ub24vMTk0OCBBIE1hdGhlbWF0aWNhbCBUaGVvcnkgb2YgQ29tbXVuaWNhdGlvbi5wZGbSHB0kJaIlIVxOU0RpY3Rpb25hcnkSAAGGoF8QD05TS2V5ZWRBcmNoaXZlcgAIABEAFgAfACgAMgA1ADoAPABFAEsAUgBdAGUAbABvAHEAcwB2AHgAegB8AIYAkwCYAKACsgK0ArkCwgLNAtEC3wLmAu8DRANJA0wDWQNeAAAAAAAAAgEAAAAAAAAAKAAAAAAAAAAAAAAAAAAAA3A=}}

@book{young75,
	Address = {Oxford, England},
	Author = {Young, J.Z.},
	Date-Added = {2009-10-01 12:14:30 +0200},
	Date-Modified = {2009-10-01 12:18:23 +0200},
	Keywords = {Speech technology},
	Publisher = {Oxford University Press, USA},
	Title = {Programmes of the Brain},
	Year = {1975}}

@article{tohkura86,
	Author = {Tohkura, Yoh'ichi},
	Date-Modified = {2009-10-22 12:36:22 +0200},
	Journal = {IEEE International Conference on Acoustics, Speech, and Signal Processing, ICASSP},
	Keywords = {Speech technology},
	Month = {April},
	Pages = {761-764},
	Title = {A weighted cepstral distance measure for speech recognition},
	Volume = {11},
	Year = {1986},
	Bdsk-File-1 = {YnBsaXN0MDDUAQIDBAUIJidUJHRvcFgkb2JqZWN0c1gkdmVyc2lvblkkYXJjaGl2ZXLRBgdUcm9vdIABqAkKFRYXGyIjVSRudWxs0wsMDQ4RFFpOUy5vYmplY3RzV05TLmtleXNWJGNsYXNzog8QgASABqISE4ACgAOAB1lhbGlhc0RhdGFccmVsYXRpdmVQYXRo0hgNGRpXTlMuZGF0YU8RAioAAAAAAioAAgAADE1hY2ludG9zaCBIRAAAAAAAAAAAAAAAAAAAAMNHSJZIKwAAAVKCcx8xOTg2IEEgd2VpZ2h0ZWQgY2VwIzEyOEE3Q0EucGRmAAAAAAAAAAAAAAAAAAAAAAAAAAAAAAAAAAAAAAAAAAABKKfKxvtDaAAAAAAAAAAAAAQABAAACSAAAAAAAAAAAAAAAAAAAAAHVG9oa3VyYQAAEAAIAADDRyx2AAAAEQAIAADG+ydIAAAAAQAUAVKCcwEvGWYBLs6nAAungAAAeWcAAgBPTWFjaW50b3NoIEhEOlVzZXJzOlRlcmplOkRyb3Bib3g6UGFwZXJzOlRvaGt1cmE6MTk4NiBBIHdlaWdodGVkIGNlcCMxMjhBN0NBLnBkZgAADgByADgAMQA5ADgANgAgAEEAIAB3AGUAaQBnAGgAdABlAGQAIABjAGUAcABzAHQAcgBhAGwAIABkAGkAcwB0AGEAbgBjAGUAIABtAGUAYQBzAHUAcgBlACAAZgBvAHIAIABzAHAAZQBlAGMAaAAuAHAAZABmAA8AGgAMAE0AYQBjAGkAbgB0AG8AcwBoACAASABEABIAW1VzZXJzL1RlcmplL0Ryb3Bib3gvUGFwZXJzL1RvaGt1cmEvMTk4NiBBIHdlaWdodGVkIGNlcHN0cmFsIGRpc3RhbmNlIG1lYXN1cmUgZm9yIHNwZWVjaC5wZGYAABMAAS8AABUAAgAM//8AAIAF0hwdHh9YJGNsYXNzZXNaJGNsYXNzbmFtZaMfICFdTlNNdXRhYmxlRGF0YVZOU0RhdGFYTlNPYmplY3RfEFsuLi8uLi8uLi8uLi9Ecm9wYm94L1BhcGVycy9Ub2hrdXJhLzE5ODYgQSB3ZWlnaHRlZCBjZXBzdHJhbCBkaXN0YW5jZSBtZWFzdXJlIGZvciBzcGVlY2gucGRm0hwdJCWiJSFcTlNEaWN0aW9uYXJ5EgABhqBfEA9OU0tleWVkQXJjaGl2ZXIACAARABYAHwAoADIANQA6ADwARQBLAFIAXQBlAGwAbwBxAHMAdgB4AHoAfACGAJMAmACgAs4C0ALVAt4C6QLtAvsDAgMLA2kDbgNxA34DgwAAAAAAAAIBAAAAAAAAACgAAAAAAAAAAAAAAAAAAAOV}}

@manual{nordgaard07,
	Author = {Peter Nordgaard},
	Date-Added = {2009-09-15 14:44:45 +0200},
	Date-Modified = {2009-09-15 14:47:32 +0200},
	Organization = {NTNU},
	Title = {Plotting in Matlab - A Quick Tutorial},
	Year = {2007},
	Bdsk-File-1 = {YnBsaXN0MDDUAQIDBAUIJidUJHRvcFgkb2JqZWN0c1gkdmVyc2lvblkkYXJjaGl2ZXLRBgdUcm9vdIABqAkKFRYXGyIjVSRudWxs0wsMDQ4RFFpOUy5vYmplY3RzV05TLmtleXNWJGNsYXNzog8QgASABqISE4ACgAOAB1lhbGlhc0RhdGFccmVsYXRpdmVQYXRo0hgNGRpXTlMuZGF0YU8RAhIAAAAAAhIAAgAADE1hY2ludG9zaCBIRAAAAAAAAAAAAAAAAAAAAMNHSJZIKwAAAVKCix8yMDA3IFBsb3R0aW5nIGluIE1hdGwjQzJBNzgucGRmAAAAAAAAAAAAAAAAAAAAAAAAAAAAAAAAAAAAAAAAAAAADCp4wzOqsAAAAAAAAAAAAAQABAAACSAAAAAAAAAAAAAAAAAAAAAJTm9yZGdhYXJkAAAQAAgAAMNHLHYAAAARAAgAAMMzjpAAAAABABQBUoKLAS8ZZgEuzqcAC6eAAAB5ZwACAFFNYWNpbnRvc2ggSEQ6VXNlcnM6VGVyamU6RHJvcGJveDpQYXBlcnM6Tm9yZGdhYXJkOjIwMDcgUGxvdHRpbmcgaW4gTWF0bCNDMkE3OC5wZGYAAA4AXgAuADIAMAAwADcAIABQAGwAbwB0AHQAaQBuAGcAIABpAG4AIABNAGEAdABsAGEAYgAgAC0AIABBACAAUQB1AGkAYwBrACAAVAB1AHQAbwByAGkAYQBsAC4AcABkAGYADwAaAAwATQBhAGMAaQBuAHQAbwBzAGgAIABIAEQAEgBTVXNlcnMvVGVyamUvRHJvcGJveC9QYXBlcnMvTm9yZGdhYXJkLzIwMDcgUGxvdHRpbmcgaW4gTWF0bGFiIC0gQSBRdWljayBUdXRvcmlhbC5wZGYAABMAAS8AABUAAgAM//8AAIAF0hwdHh9YJGNsYXNzZXNaJGNsYXNzbmFtZaMfICFdTlNNdXRhYmxlRGF0YVZOU0RhdGFYTlNPYmplY3RfEFMuLi8uLi8uLi8uLi9Ecm9wYm94L1BhcGVycy9Ob3JkZ2FhcmQvMjAwNyBQbG90dGluZyBpbiBNYXRsYWIgLSBBIFF1aWNrIFR1dG9yaWFsLnBkZtIcHSQloiUhXE5TRGljdGlvbmFyeRIAAYagXxAPTlNLZXllZEFyY2hpdmVyAAgAEQAWAB8AKAAyADUAOgA8AEUASwBSAF0AZQBsAG8AcQBzAHYAeAB6AHwAhgCTAJgAoAK2ArgCvQLGAtEC1QLjAuoC8wNJA04DUQNeA2MAAAAAAAACAQAAAAAAAAAoAAAAAAAAAAAAAAAAAAADdQ==}}

@manual{matlabintro,
	Author = {Anders Gjendemsj{\o}},
	Date-Added = {2009-09-15 14:44:45 +0200},
	Date-Modified = {2009-09-28 11:29:45 +0200},
	Edition = {1.2},
	Organization = {NTNU},
	Read = {Yes},
	Title = {An Introduction to MATLAB},
	Year = {2007},
	Bdsk-File-1 = {YnBsaXN0MDDUAQIDBAUIJidUJHRvcFgkb2JqZWN0c1gkdmVyc2lvblkkYXJjaGl2ZXLRBgdUcm9vdIABqAkKFRYXGyIjVSRudWxs0wsMDQ4RFFpOUy5vYmplY3RzV05TLmtleXNWJGNsYXNzog8QgASABqISE4ACgAOAB1lhbGlhc0RhdGFccmVsYXRpdmVQYXRo0hgNGRpXTlMuZGF0YU8RAfAAAAAAAfAAAgAADE1hY2ludG9zaCBIRAAAAAAAAAAAAAAAAAAAAMNHSJZIKwAAAVKCjB8yMDA3IEFuIEludHJvZHVjdGlvbiAjQzJBNzcucGRmAAAAAAAAAAAAAAAAAAAAAAAAAAAAAAAAAAAAAAAAAAAADCp3wu9WswAAAAAAAAAAAAQABAAACSAAAAAAAAAAAAAAAAAAAAAKR2plbmRlbXNqvwAQAAgAAMNHLHYAAAARAAgAAMLvOpMAAAABABQBUoKMAS8ZZgEuzqcAC6eAAAB5ZwACAFJNYWNpbnRvc2ggSEQ6VXNlcnM6VGVyamU6RHJvcGJveDpQYXBlcnM6R2plbmRlbXNqvzoyMDA3IEFuIEludHJvZHVjdGlvbiAjQzJBNzcucGRmAA4ARgAiADIAMAAwADcAIABBAG4AIABJAG4AdAByAG8AZAB1AGMAdABpAG8AbgAgAHQAbwAgAE0AQQBUAEwAQQBCAC4AcABkAGYADwAaAAwATQBhAGMAaQBuAHQAbwBzAGgAIABIAEQAEgBJVXNlcnMvVGVyamUvRHJvcGJveC9QYXBlcnMvR2plbmRlbXNqw7gvMjAwNyBBbiBJbnRyb2R1Y3Rpb24gdG8gTUFUTEFCLnBkZgAAEwABLwAAFQACAAz//wAAgAXSHB0eH1gkY2xhc3Nlc1okY2xhc3NuYW1lox8gIV1OU011dGFibGVEYXRhVk5TRGF0YVhOU09iamVjdG8QSAAuAC4ALwAuAC4ALwAuAC4ALwAuAC4ALwBEAHIAbwBwAGIAbwB4AC8AUABhAHAAZQByAHMALwBHAGoAZQBuAGQAZQBtAHMAagD4AC8AMgAwADAANwAgAEEAbgAgAEkAbgB0AHIAbwBkAHUAYwB0AGkAbwBuACAAdABvACAATQBBAFQATABBAEIALgBwAGQAZtIcHSQloiUhXE5TRGljdGlvbmFyeRIAAYagXxAPTlNLZXllZEFyY2hpdmVyAAgAEQAWAB8AKAAyADUAOgA8AEUASwBSAF0AZQBsAG8AcQBzAHYAeAB6AHwAhgCTAJgAoAKUApYCmwKkAq8CswLBAsgC0QNkA2kDbAN5A34AAAAAAAACAQAAAAAAAAAoAAAAAAAAAAAAAAAAAAADkA==}}

@article{stylianou95,
	Author = {Stylianou, Yannis and Cappe, Olivier and Moulines, Eric},
	Date-Added = {2009-09-07 11:48:52 +0200},
	Date-Modified = {2009-09-21 12:11:06 +0200},
	Journal = {Fourth European Conference on Speech Communication and Technology},
	Keywords = {Speech technology},
	Pages = {447--450},
	Rating = {5},
	Read = {Yes},
	Title = {Statistical methods for voice quality transformation},
	Volume = {95},
	Year = {1995},
	Bdsk-File-1 = {YnBsaXN0MDDUAQIDBAUIJidUJHRvcFgkb2JqZWN0c1gkdmVyc2lvblkkYXJjaGl2ZXLRBgdUcm9vdIABqAkKFRYXGyIjVSRudWxs0wsMDQ4RFFpOUy5vYmplY3RzV05TLmtleXNWJGNsYXNzog8QgASABqISE4ACgAOAB1lhbGlhc0RhdGFccmVsYXRpdmVQYXRo0hgNGRpXTlMuZGF0YU8RAj4AAAAAAj4AAgAADE1hY2ludG9zaCBIRAAAAAAAAAAAAAAAAAAAAMNHSJZIKwAAAVKCbR8xOTk1IFN0YXRpc3RpY2FsIG1lIzExNTdGMjEucGRmAAAAAAAAAAAAAAAAAAAAAAAAAAAAAAAAAAAAAAAAAAABFX8hxsqjggAAAAAAAAAAAAQABAAACSAAAAAAAAAAAAAAAAAAAAAJU3R5bGlhbm91AAAQAAgAAMNHLHYAAAARAAgAAMbKh2IAAAABABQBUoJtAS8ZZgEuzqcAC6eAAAB5ZwACAFFNYWNpbnRvc2ggSEQ6VXNlcnM6VGVyamU6RHJvcGJveDpQYXBlcnM6U3R5bGlhbm91OjE5OTUgU3RhdGlzdGljYWwgbWUjMTE1N0YyMS5wZGYAAA4AfAA9ADEAOQA5ADUAIABTAHQAYQB0AGkAcwB0AGkAYwBhAGwAIABtAGUAdABoAG8AZABzACAAZgBvAHIAIAB2AG8AaQBjAGUAIABxAHUAYQBsAGkAdAB5ACAAdAByAGEAbgBzAGYAbwByAG0AYQB0AGkAbwBuAC4AcABkAGYADwAaAAwATQBhAGMAaQBuAHQAbwBzAGgAIABIAEQAEgBiVXNlcnMvVGVyamUvRHJvcGJveC9QYXBlcnMvU3R5bGlhbm91LzE5OTUgU3RhdGlzdGljYWwgbWV0aG9kcyBmb3Igdm9pY2UgcXVhbGl0eSB0cmFuc2Zvcm1hdGlvbi5wZGYAEwABLwAAFQACAAz//wAAgAXSHB0eH1gkY2xhc3Nlc1okY2xhc3NuYW1lox8gIV1OU011dGFibGVEYXRhVk5TRGF0YVhOU09iamVjdF8QYi4uLy4uLy4uLy4uL0Ryb3Bib3gvUGFwZXJzL1N0eWxpYW5vdS8xOTk1IFN0YXRpc3RpY2FsIG1ldGhvZHMgZm9yIHZvaWNlIHF1YWxpdHkgdHJhbnNmb3JtYXRpb24ucGRm0hwdJCWiJSFcTlNEaWN0aW9uYXJ5EgABhqBfEA9OU0tleWVkQXJjaGl2ZXIACAARABYAHwAoADIANQA6ADwARQBLAFIAXQBlAGwAbwBxAHMAdgB4AHoAfACGAJMAmACgAuIC5ALpAvIC/QMBAw8DFgMfA4QDiQOMA5kDngAAAAAAAAIBAAAAAAAAACgAAAAAAAAAAAAAAAAAAAOw}}

@inproceedings{yutani09,
	Author = {Yutani, K. and Uto, Y. and Nankaku, Y. and Lee, A. and Tokuda, K.},
	Booktitle = {IEEE International Conference on Acoustics, Speech and Signal Processing},
	Date-Added = {2009-09-02 11:20:07 +0200},
	Date-Modified = {2009-09-02 11:21:52 +0200},
	Keywords = {Speech technology},
	Month = {April},
	Pages = {3897 -- 3900},
	Series = {ICASSP},
	Title = {Voice conversion based on simultaneous modelling of spectrum and F0},
	Year = {2009},
	Bdsk-File-1 = {YnBsaXN0MDDUAQIDBAUIJidUJHRvcFgkb2JqZWN0c1gkdmVyc2lvblkkYXJjaGl2ZXLRBgdUcm9vdIABqAkKFRYXGyIjVSRudWxs0wsMDQ4RFFpOUy5vYmplY3RzV05TLmtleXNWJGNsYXNzog8QgASABqISE4ACgAOAB1lhbGlhc0RhdGFccmVsYXRpdmVQYXRo0hgNGRpXTlMuZGF0YU8RAigAAAAAAigAAgAADE1hY2ludG9zaCBIRAAAAAAAAAAAAAAAAAAAAMNHSJZIKwAAAVKCjR8yMDA5IFZvaWNlIGNvbnZlcnNpIzExM0FCMDYucGRmAAAAAAAAAAAAAAAAAAAAAAAAAAAAAAAAAAAAAAAAAAABE6sGxsQFKwAAAAAAAAAAAAQABAAACSAAAAAAAAAAAAAAAAAAAAAGWXV0YW5pABAACAAAw0csdgAAABEACAAAxsPpCwAAAAEAFAFSgo0BLxlmAS7OpwALp4AAAHlnAAIATk1hY2ludG9zaCBIRDpVc2VyczpUZXJqZTpEcm9wYm94OlBhcGVyczpZdXRhbmk6MjAwOSBWb2ljZSBjb252ZXJzaSMxMTNBQjA2LnBkZgAOAHQAOQAyADAAMAA5ACAAVgBvAGkAYwBlACAAYwBvAG4AdgBlAHIAcwBpAG8AbgAgAGIAYQBzAGUAZAAgAG8AbgAgAHMAaQBtAHUAbAB0AGEAbgBlAG8AdQBzACAAbQBvAGQAZQBsAGwAaQBuAGcALgBwAGQAZgAPABoADABNAGEAYwBpAG4AdABvAHMAaAAgAEgARAASAFtVc2Vycy9UZXJqZS9Ecm9wYm94L1BhcGVycy9ZdXRhbmkvMjAwOSBWb2ljZSBjb252ZXJzaW9uIGJhc2VkIG9uIHNpbXVsdGFuZW91cyBtb2RlbGxpbmcucGRmAAATAAEvAAAVAAIADP//AACABdIcHR4fWCRjbGFzc2VzWiRjbGFzc25hbWWjHyAhXU5TTXV0YWJsZURhdGFWTlNEYXRhWE5TT2JqZWN0XxBbLi4vLi4vLi4vLi4vRHJvcGJveC9QYXBlcnMvWXV0YW5pLzIwMDkgVm9pY2UgY29udmVyc2lvbiBiYXNlZCBvbiBzaW11bHRhbmVvdXMgbW9kZWxsaW5nLnBkZtIcHSQloiUhXE5TRGljdGlvbmFyeRIAAYagXxAPTlNLZXllZEFyY2hpdmVyAAgAEQAWAB8AKAAyADUAOgA8AEUASwBSAF0AZQBsAG8AcQBzAHYAeAB6AHwAhgCTAJgAoALMAs4C0wLcAucC6wL5AwADCQNnA2wDbwN8A4EAAAAAAAACAQAAAAAAAAAoAAAAAAAAAAAAAAAAAAADkw==}}

@book{statistikk,
	Author = {Walpole, Ronald E. and Myers, Raymond H. and Myers, Sharon L. and Ye, Keying},
	Date-Added = {2009-08-31 21:45:53 +0200},
	Date-Modified = {2009-08-31 21:51:57 +0200},
	Edition = {8th},
	Editor = {Sally Yagan},
	Keywords = {Mathematics},
	Publisher = {Pearson Prentice Hall},
	Read = {Yes},
	Title = {Probability \& Statistics for Engineers \& Scientists},
	Year = {2007}}

@article{laroche93,
	Author = {Laroche, Jean and Stylianou, Yannis and Moulines, Eeric},
	Date-Added = {2009-08-31 13:49:51 +0200},
	Date-Modified = {2009-10-22 12:35:34 +0200},
	Journal = {IEEE International Conference on Acoustics, Speech, and Signal Processing, ICASSP},
	Keywords = {Speech technology},
	Number = {4},
	Pages = {550--553},
	Title = {HNS: Speech modification based on a harmonic + noise model},
	Volume = {2},
	Year = {1993},
	Bdsk-File-1 = {YnBsaXN0MDDUAQIDBAUIJidUJHRvcFgkb2JqZWN0c1gkdmVyc2lvblkkYXJjaGl2ZXLRBgdUcm9vdIABqAkKFRYXGyIjVSRudWxs0wsMDQ4RFFpOUy5vYmplY3RzV05TLmtleXNWJGNsYXNzog8QgASABqISE4ACgAOAB1lhbGlhc0RhdGFccmVsYXRpdmVQYXRo0hgNGRpXTlMuZGF0YU8RAjYAAAAAAjYAAgAADE1hY2ludG9zaCBIRAAAAAAAAAAAAAAAAAAAAMNHSJZIKwAAAVKCdB8xOTkzIEhOUyBTcGVlY2ggbW9kIzExMkNEOUIucGRmAAAAAAAAAAAAAAAAAAAAAAAAAAAAAAAAAAAAAAAAAAABEs2bxsGFcgAAAAAAAAAAAAQABAAACSAAAAAAAAAAAAAAAAAAAAAHTGFyb2NoZQAAEAAIAADDRyx2AAAAEQAIAADGwWlSAAAAAQAUAVKCdAEvGWYBLs6nAAungAAAeWcAAgBPTWFjaW50b3NoIEhEOlVzZXJzOlRlcmplOkRyb3Bib3g6UGFwZXJzOkxhcm9jaGU6MTk5MyBITlMgU3BlZWNoIG1vZCMxMTJDRDlCLnBkZgAADgB6ADwAMQA5ADkAMwAgAEgATgBTACAAUwBwAGUAZQBjAGgAIABtAG8AZABpAGYAaQBjAGEAdABpAG8AbgAgAGIAYQBzAGUAZAAgAG8AbgAgAGEAIABoAGEAcgBtAG8AbgBpAGMAIAArACAAbgBvAGkAcwBlAC4AcABkAGYADwAaAAwATQBhAGMAaQBuAHQAbwBzAGgAIABIAEQAEgBfVXNlcnMvVGVyamUvRHJvcGJveC9QYXBlcnMvTGFyb2NoZS8xOTkzIEhOUyBTcGVlY2ggbW9kaWZpY2F0aW9uIGJhc2VkIG9uIGEgaGFybW9uaWMgKyBub2lzZS5wZGYAABMAAS8AABUAAgAM//8AAIAF0hwdHh9YJGNsYXNzZXNaJGNsYXNzbmFtZaMfICFdTlNNdXRhYmxlRGF0YVZOU0RhdGFYTlNPYmplY3RfEF8uLi8uLi8uLi8uLi9Ecm9wYm94L1BhcGVycy9MYXJvY2hlLzE5OTMgSE5TIFNwZWVjaCBtb2RpZmljYXRpb24gYmFzZWQgb24gYSBoYXJtb25pYyArIG5vaXNlLnBkZtIcHSQloiUhXE5TRGljdGlvbmFyeRIAAYagXxAPTlNLZXllZEFyY2hpdmVyAAgAEQAWAB8AKAAyADUAOgA8AEUASwBSAF0AZQBsAG8AcQBzAHYAeAB6AHwAhgCTAJgAoALaAtwC4QLqAvUC+QMHAw4DFwN5A34DgQOOA5MAAAAAAAACAQAAAAAAAAAoAAAAAAAAAAAAAAAAAAADpQ==}}

@article{savioja99,
	Author = {Savioja, Lauri and Huopaniemi, Jyri and Lokki, Tapio and V{\"a}{\"a}n{\"a}nen, Riitta},
	Date-Added = {2009-08-31 11:23:39 +0200},
	Date-Modified = {2009-08-31 11:25:14 +0200},
	Journal = {Journal of the Audio Engineering Society},
	Keywords = {Acoustics},
	Number = {9},
	Pages = {675--705},
	Publisher = {Audio Engineering Society},
	Title = {Creating interactive virtual acoustic environments},
	Volume = {47},
	Year = {1999},
	Bdsk-File-1 = {YnBsaXN0MDDUAQIDBAUIJidUJHRvcFgkb2JqZWN0c1gkdmVyc2lvblkkYXJjaGl2ZXLRBgdUcm9vdIABqAkKFRYXGyIjVSRudWxs0wsMDQ4RFFpOUy5vYmplY3RzV05TLmtleXNWJGNsYXNzog8QgASABqISE4ACgAOAB1lhbGlhc0RhdGFccmVsYXRpdmVQYXRo0hgNGRpXTlMuZGF0YU8RAjIAAAAAAjIAAgAADE1hY2ludG9zaCBIRAAAAAAAAAAAAAAAAAAAAMNHSJZIKwAAAVKCgx8xOTk5IENyZWF0aW5nIGludGVyIzExMkMxNjEucGRmAAAAAAAAAAAAAAAAAAAAAAAAAAAAAAAAAAAAAAAAAAABEsFhxsFJTwAAAAAAAAAAAAQABAAACSAAAAAAAAAAAAAAAAAAAAAHU2F2aW9qYQAAEAAIAADDRyx2AAAAEQAIAADGwS0vAAAAAQAUAVKCgwEvGWYBLs6nAAungAAAeWcAAgBPTWFjaW50b3NoIEhEOlVzZXJzOlRlcmplOkRyb3Bib3g6UGFwZXJzOlNhdmlvamE6MTk5OSBDcmVhdGluZyBpbnRlciMxMTJDMTYxLnBkZgAADgB4ADsAMQA5ADkAOQAgAEMAcgBlAGEAdABpAG4AZwAgAGkAbgB0AGUAcgBhAGMAdABpAHYAZQAgAHYAaQByAHQAdQBhAGwAIABhAGMAbwB1AHMAdABpAGMAIABlAG4AdgBpAHIAbwBuAG0AZQBuAHQAcwAuAHAAZABmAA8AGgAMAE0AYQBjAGkAbgB0AG8AcwBoACAASABEABIAXlVzZXJzL1RlcmplL0Ryb3Bib3gvUGFwZXJzL1NhdmlvamEvMTk5OSBDcmVhdGluZyBpbnRlcmFjdGl2ZSB2aXJ0dWFsIGFjb3VzdGljIGVudmlyb25tZW50cy5wZGYAEwABLwAAFQACAAz//wAAgAXSHB0eH1gkY2xhc3Nlc1okY2xhc3NuYW1lox8gIV1OU011dGFibGVEYXRhVk5TRGF0YVhOU09iamVjdF8QXi4uLy4uLy4uLy4uL0Ryb3Bib3gvUGFwZXJzL1NhdmlvamEvMTk5OSBDcmVhdGluZyBpbnRlcmFjdGl2ZSB2aXJ0dWFsIGFjb3VzdGljIGVudmlyb25tZW50cy5wZGbSHB0kJaIlIVxOU0RpY3Rpb25hcnkSAAGGoF8QD05TS2V5ZWRBcmNoaXZlcgAIABEAFgAfACgAMgA1ADoAPABFAEsAUgBdAGUAbABvAHEAcwB2AHgAegB8AIYAkwCYAKAC1gLYAt0C5gLxAvUDAwMKAxMDdAN5A3wDiQOOAAAAAAAAAgEAAAAAAAAAKAAAAAAAAAAAAAAAAAAAA6A=}}

@article{horbach99,
	Author = {Horbach, Ulrich and Boone, Marinus M.},
	Date-Added = {2009-08-31 11:21:08 +0200},
	Date-Modified = {2009-08-31 11:22:41 +0200},
	Journal = {AES 16th Int. Conference on Spatial Sound Reproduction},
	Keywords = {Acoustics},
	Title = {Future transmission and rendering formats for multichannel sound},
	Year = {1999},
	Bdsk-File-1 = {YnBsaXN0MDDUAQIDBAUIJidUJHRvcFgkb2JqZWN0c1gkdmVyc2lvblkkYXJjaGl2ZXLRBgdUcm9vdIABqAkKFRYXGyIjVSRudWxs0wsMDQ4RFFpOUy5vYmplY3RzV05TLmtleXNWJGNsYXNzog8QgASABqISE4ACgAOAB1lhbGlhc0RhdGFccmVsYXRpdmVQYXRo0hgNGRpXTlMuZGF0YU8RAkoAAAAAAkoAAgAADE1hY2ludG9zaCBIRAAAAAAAAAAAAAAAAAAAAMNHSJZIKwAAAVKCah8xOTk5IEZ1dHVyZSB0cmFuc21pIzExMkMxNjAucGRmAAAAAAAAAAAAAAAAAAAAAAAAAAAAAAAAAAAAAAAAAAABEsFgxsFJTQAAAAAAAAAAAAQABAAACSAAAAAAAAAAAAAAAAAAAAAHSG9yYmFjaAAAEAAIAADDRyx2AAAAEQAIAADGwS0tAAAAAQAUAVKCagEvGWYBLs6nAAungAAAeWcAAgBPTWFjaW50b3NoIEhEOlVzZXJzOlRlcmplOkRyb3Bib3g6UGFwZXJzOkhvcmJhY2g6MTk5OSBGdXR1cmUgdHJhbnNtaSMxMTJDMTYwLnBkZgAADgCIAEMAMQA5ADkAOQAgAEYAdQB0AHUAcgBlACAAdAByAGEAbgBzAG0AaQBzAHMAaQBvAG4AIABhAG4AZAAgAHIAZQBuAGQAZQByAGkAbgBnACAAZgBvAHIAbQBhAHQAcwAgAGYAbwByACAAbQB1AGwAdABpAGMAaABhAG4AbgBlAGwALgBwAGQAZgAPABoADABNAGEAYwBpAG4AdABvAHMAaAAgAEgARAASAGZVc2Vycy9UZXJqZS9Ecm9wYm94L1BhcGVycy9Ib3JiYWNoLzE5OTkgRnV0dXJlIHRyYW5zbWlzc2lvbiBhbmQgcmVuZGVyaW5nIGZvcm1hdHMgZm9yIG11bHRpY2hhbm5lbC5wZGYAEwABLwAAFQACAAz//wAAgAXSHB0eH1gkY2xhc3Nlc1okY2xhc3NuYW1lox8gIV1OU011dGFibGVEYXRhVk5TRGF0YVhOU09iamVjdF8QZi4uLy4uLy4uLy4uL0Ryb3Bib3gvUGFwZXJzL0hvcmJhY2gvMTk5OSBGdXR1cmUgdHJhbnNtaXNzaW9uIGFuZCByZW5kZXJpbmcgZm9ybWF0cyBmb3IgbXVsdGljaGFubmVsLnBkZtIcHSQloiUhXE5TRGljdGlvbmFyeRIAAYagXxAPTlNLZXllZEFyY2hpdmVyAAgAEQAWAB8AKAAyADUAOgA8AEUASwBSAF0AZQBsAG8AcQBzAHYAeAB6AHwAhgCTAJgAoALuAvAC9QL+AwkDDQMbAyIDKwOUA5kDnAOpA64AAAAAAAACAQAAAAAAAAAoAAAAAAAAAAAAAAAAAAADwA==}}

@inbook{krogstad99,
	Author = {Asbj{\o}rn Krogstad},
	Chapter = {13},
	Date-Added = {2009-08-31 11:19:33 +0200},
	Date-Modified = {2009-09-01 13:44:27 +0200},
	Keywords = {Acoustics},
	Pages = {291--326},
	Title = {Akustikk for ingeni{\o}rer},
	Year = {1999},
	Bdsk-File-1 = {YnBsaXN0MDDUAQIDBAUIJidUJHRvcFgkb2JqZWN0c1gkdmVyc2lvblkkYXJjaGl2ZXLRBgdUcm9vdIABqAkKFRYXGyIjVSRudWxs0wsMDQ4RFFpOUy5vYmplY3RzV05TLmtleXNWJGNsYXNzog8QgASABqISE4ACgAOAB1lhbGlhc0RhdGFccmVsYXRpdmVQYXRo0hgNGRpXTlMuZGF0YU8RAgoAAAAAAgoAAgAADE1hY2ludG9zaCBIRAAAAAAAAAAAAAAAAAAAAMNHSJZIKwAAAVKCjh8xOTk5IEFrdXN0aWtrIGZvciBpIzExMkMxNUYucGRmAAAAAAAAAAAAAAAAAAAAAAAAAAAAAAAAAAAAAAAAAAABEsFfxsFJTgAAAAAAAAAAAAQABAAACSAAAAAAAAAAAAAAAAAAAAAIS3JvZ3N0YWQAEAAIAADDRyx2AAAAEQAIAADGwS0uAAAAAQAUAVKCjgEvGWYBLs6nAAungAAAeWcAAgBQTWFjaW50b3NoIEhEOlVzZXJzOlRlcmplOkRyb3Bib3g6UGFwZXJzOktyb2dzdGFkOjE5OTkgQWt1c3Rpa2sgZm9yIGkjMTEyQzE1Ri5wZGYADgBcAC0AMQA5ADkAOQAgAEEAawB1AHMAdABpAGsAawAgAGYAbwByACAAaQBuAGcAZQBuAGkA+AByAGUAcgAgACgAYwBoAGEAcAB0AGUAcgAgADEAMwApAC4AcABkAGYADwAaAAwATQBhAGMAaQBuAHQAbwBzAGgAIABIAEQAEgBSVXNlcnMvVGVyamUvRHJvcGJveC9QYXBlcnMvS3JvZ3N0YWQvMTk5OSBBa3VzdGlrayBmb3IgaW5nZW5pw7hyZXIgKGNoYXB0ZXIgMTMpLnBkZgATAAEvAAAVAAIADP//AACABdIcHR4fWCRjbGFzc2VzWiRjbGFzc25hbWWjHyAhXU5TTXV0YWJsZURhdGFWTlNEYXRhWE5TT2JqZWN0bxBRAC4ALgAvAC4ALgAvAC4ALgAvAC4ALgAvAEQAcgBvAHAAYgBvAHgALwBQAGEAcABlAHIAcwAvAEsAcgBvAGcAcwB0AGEAZAAvADEAOQA5ADkAIABBAGsAdQBzAHQAaQBrAGsAIABmAG8AcgAgAGkAbgBnAGUAbgBpAPgAcgBlAHIAIAAoAGMAaABhAHAAdABlAHIAIAAxADMAKQAuAHAAZABm0hwdJCWiJSFcTlNEaWN0aW9uYXJ5EgABhqBfEA9OU0tleWVkQXJjaGl2ZXIACAARABYAHwAoADIANQA6ADwARQBLAFIAXQBlAGwAbwBxAHMAdgB4AHoAfACGAJMAmACgAq4CsAK1Ar4CyQLNAtsC4gLrA5ADlQOYA6UDqgAAAAAAAAIBAAAAAAAAACgAAAAAAAAAAAAAAAAAAAO8}}

@inbook{hammershoi05,
	Author = {Hammershoi, D. and M{\o}ller, H.},
	Chapter = {9},
	Date-Added = {2009-08-31 11:03:39 +0200},
	Date-Modified = {2009-08-31 11:07:54 +0200},
	Editor = {Blauert, Jens},
	Keywords = {Acoustics},
	Pages = {223--254},
	Publisher = {Springer},
	Title = {Communication acoustics},
	Year = {2005},
	Bdsk-File-1 = {YnBsaXN0MDDUAQIDBAUIJidUJHRvcFgkb2JqZWN0c1gkdmVyc2lvblkkYXJjaGl2ZXLRBgdUcm9vdIABqAkKFRYXGyIjVSRudWxs0wsMDQ4RFFpOUy5vYmplY3RzV05TLmtleXNWJGNsYXNzog8QgASABqISE4ACgAOAB1lhbGlhc0RhdGFccmVsYXRpdmVQYXRo0hgNGRpXTlMuZGF0YU8RAgwAAAAAAgwAAgAADE1hY2ludG9zaCBIRAAAAAAAAAAAAAAAAAAAAMNHSJZIKwAAAVKCjx8yMDA1IENvbW11bmljYXRpb24gIzExMkMxNUUucGRmAAAAAAAAAAAAAAAAAAAAAAAAAAAAAAAAAAAAAAAAAAABEsFexsFJTAAAAAAAAAAAAAQABAAACSAAAAAAAAAAAAAAAAAAAAAKSGFtbWVyc2hvaQAQAAgAAMNHLHYAAAARAAgAAMbBLSwAAAABABQBUoKPAS8ZZgEuzqcAC6eAAAB5ZwACAFJNYWNpbnRvc2ggSEQ6VXNlcnM6VGVyamU6RHJvcGJveDpQYXBlcnM6SGFtbWVyc2hvaToyMDA1IENvbW11bmljYXRpb24gIzExMkMxNUUucGRmAA4AWgAsADIAMAAwADUAIABDAG8AbQBtAHUAbgBpAGMAYQB0AGkAbwBuACAAYQBjAG8AdQBzAHQAaQBjAHMAIAAoAGMAaABhAHAAdABlAHIAIAA5ACkALgBwAGQAZgAPABoADABNAGEAYwBpAG4AdABvAHMAaAAgAEgARAASAFJVc2Vycy9UZXJqZS9Ecm9wYm94L1BhcGVycy9IYW1tZXJzaG9pLzIwMDUgQ29tbXVuaWNhdGlvbiBhY291c3RpY3MgKGNoYXB0ZXIgOSkucGRmABMAAS8AABUAAgAM//8AAIAF0hwdHh9YJGNsYXNzZXNaJGNsYXNzbmFtZaMfICFdTlNNdXRhYmxlRGF0YVZOU0RhdGFYTlNPYmplY3RfEFIuLi8uLi8uLi8uLi9Ecm9wYm94L1BhcGVycy9IYW1tZXJzaG9pLzIwMDUgQ29tbXVuaWNhdGlvbiBhY291c3RpY3MgKGNoYXB0ZXIgOSkucGRm0hwdJCWiJSFcTlNEaWN0aW9uYXJ5EgABhqBfEA9OU0tleWVkQXJjaGl2ZXIACAARABYAHwAoADIANQA6ADwARQBLAFIAXQBlAGwAbwBxAHMAdgB4AHoAfACGAJMAmACgArACsgK3AsACywLPAt0C5ALtA0IDRwNKA1cDXAAAAAAAAAIBAAAAAAAAACgAAAAAAAAAAAAAAAAAAANu}}

@article{sundermann06,
	Author = {Sundermann, David and H{\"o}ge, Harald and Bonafonte, Antonio and Ney, Hermann and Black, Alan and Narayanan, Shri},
	Date-Added = {2009-08-21 14:14:35 +0200},
	Date-Modified = {2009-10-22 12:36:26 +0200},
	Doi = {10.1109/ICASSP.2006.1659962},
	Journal = {IEEE International Conference on Acoustics, Speech, and Signal Processing, ICASSP},
	Keywords = {Speech technology},
	Month = {May},
	Pages = {81--84},
	Title = {Text-Independent Voice Conversion Based on Unit Selection},
	Volume = {1},
	Year = {2006},
	Bdsk-File-1 = {YnBsaXN0MDDUAQIDBAUIJidUJHRvcFgkb2JqZWN0c1gkdmVyc2lvblkkYXJjaGl2ZXLRBgdUcm9vdIABqAkKFRYXGyIjVSRudWxs0wsMDQ4RFFpOUy5vYmplY3RzV05TLmtleXNWJGNsYXNzog8QgASABqISE4ACgAOAB1lhbGlhc0RhdGFccmVsYXRpdmVQYXRo0hgNGRpXTlMuZGF0YU8RAjAAAAAAAjAAAgAADE1hY2ludG9zaCBIRAAAAAAAAAAAAAAAAAAAAMNHSJZIKwAAAVKCdR8yMDA2IFRleHQtSW5kZXBlbmRlIzEwRTk1NzMucGRmAAAAAAAAAAAAAAAAAAAAAAAAAAAAAAAAAAAAAAAAAAABDpVzxrRckAAAAAAAAAAAAAQABAAACSAAAAAAAAAAAAAAAAAAAAAKU3VuZGVybWFubgAQAAgAAMNHLHYAAAARAAgAAMa0QHAAAAABABQBUoJ1AS8ZZgEuzqcAC6eAAAB5ZwACAFJNYWNpbnRvc2ggSEQ6VXNlcnM6VGVyamU6RHJvcGJveDpQYXBlcnM6U3VuZGVybWFubjoyMDA2IFRleHQtSW5kZXBlbmRlIzEwRTk1NzMucGRmAA4AcgA4ADIAMAAwADYAIABUAGUAeAB0AC0ASQBuAGQAZQBwAGUAbgBkAGUAbgB0ACAAVgBvAGkAYwBlACAAQwBvAG4AdgBlAHIAcwBpAG8AbgAgAEIAYQBzAGUAZAAgAG8AbgAgAFUAbgBpAHQALgBwAGQAZgAPABoADABNAGEAYwBpAG4AdABvAHMAaAAgAEgARAASAF5Vc2Vycy9UZXJqZS9Ecm9wYm94L1BhcGVycy9TdW5kZXJtYW5uLzIwMDYgVGV4dC1JbmRlcGVuZGVudCBWb2ljZSBDb252ZXJzaW9uIEJhc2VkIG9uIFVuaXQucGRmABMAAS8AABUAAgAM//8AAIAF0hwdHh9YJGNsYXNzZXNaJGNsYXNzbmFtZaMfICFdTlNNdXRhYmxlRGF0YVZOU0RhdGFYTlNPYmplY3RfEF4uLi8uLi8uLi8uLi9Ecm9wYm94L1BhcGVycy9TdW5kZXJtYW5uLzIwMDYgVGV4dC1JbmRlcGVuZGVudCBWb2ljZSBDb252ZXJzaW9uIEJhc2VkIG9uIFVuaXQucGRm0hwdJCWiJSFcTlNEaWN0aW9uYXJ5EgABhqBfEA9OU0tleWVkQXJjaGl2ZXIACAARABYAHwAoADIANQA6ADwARQBLAFIAXQBlAGwAbwBxAHMAdgB4AHoAfACGAJMAmACgAtQC1gLbAuQC7wLzAwEDCAMRA3IDdwN6A4cDjAAAAAAAAAIBAAAAAAAAACgAAAAAAAAAAAAAAAAAAAOe}}

@article{mouchtaris06,
	Author = {Mouchtaris, Athanasios and Van der Spiegel, Jan and Mueller, Paul},
	Date-Added = {2009-08-21 14:12:02 +0200},
	Date-Modified = {2009-08-21 14:13:48 +0200},
	Journal = {IEEE Transactions on Audio, Speech, and Language Processing},
	Keywords = {Speech technology},
	Month = {May},
	Number = {3},
	Pages = {952--963},
	Title = {Nonparallel training for voice conversion based on a parameter adaptation approach},
	Volume = {14},
	Year = {2006},
	Bdsk-File-1 = {YnBsaXN0MDDUAQIDBAUIJidUJHRvcFgkb2JqZWN0c1gkdmVyc2lvblkkYXJjaGl2ZXLRBgdUcm9vdIABqAkKFRYXGyIjVSRudWxs0wsMDQ4RFFpOUy5vYmplY3RzV05TLmtleXNWJGNsYXNzog8QgASABqISE4ACgAOAB1lhbGlhc0RhdGFccmVsYXRpdmVQYXRo0hgNGRpXTlMuZGF0YU8RAjAAAAAAAjAAAgAADE1hY2ludG9zaCBIRAAAAAAAAAAAAAAAAAAAAMNHSJZIKwAAAVKCfh8yMDA2IE5vbnBhcmFsbGVsIHRyIzEwRTk0RUYucGRmAAAAAAAAAAAAAAAAAAAAAAAAAAAAAAAAAAAAAAAAAAABDpTvxrRb2QAAAAAAAAAAAAQABAAACSAAAAAAAAAAAAAAAAAAAAAKTW91Y2h0YXJpcwAQAAgAAMNHLHYAAAARAAgAAMa0P7kAAAABABQBUoJ+AS8ZZgEuzqcAC6eAAAB5ZwACAFJNYWNpbnRvc2ggSEQ6VXNlcnM6VGVyamU6RHJvcGJveDpQYXBlcnM6TW91Y2h0YXJpczoyMDA2IE5vbnBhcmFsbGVsIHRyIzEwRTk0RUYucGRmAA4AcgA4ADIAMAAwADYAIABOAG8AbgBwAGEAcgBhAGwAbABlAGwAIAB0AHIAYQBpAG4AaQBuAGcAIABmAG8AcgAgAHYAbwBpAGMAZQAgAGMAbwBuAHYAZQByAHMAaQBvAG4AIABiAGEAcwBlAGQALgBwAGQAZgAPABoADABNAGEAYwBpAG4AdABvAHMAaAAgAEgARAASAF5Vc2Vycy9UZXJqZS9Ecm9wYm94L1BhcGVycy9Nb3VjaHRhcmlzLzIwMDYgTm9ucGFyYWxsZWwgdHJhaW5pbmcgZm9yIHZvaWNlIGNvbnZlcnNpb24gYmFzZWQucGRmABMAAS8AABUAAgAM//8AAIAF0hwdHh9YJGNsYXNzZXNaJGNsYXNzbmFtZaMfICFdTlNNdXRhYmxlRGF0YVZOU0RhdGFYTlNPYmplY3RfEF4uLi8uLi8uLi8uLi9Ecm9wYm94L1BhcGVycy9Nb3VjaHRhcmlzLzIwMDYgTm9ucGFyYWxsZWwgdHJhaW5pbmcgZm9yIHZvaWNlIGNvbnZlcnNpb24gYmFzZWQucGRm0hwdJCWiJSFcTlNEaWN0aW9uYXJ5EgABhqBfEA9OU0tleWVkQXJjaGl2ZXIACAARABYAHwAoADIANQA6ADwARQBLAFIAXQBlAGwAbwBxAHMAdgB4AHoAfACGAJMAmACgAtQC1gLbAuQC7wLzAwEDCAMRA3IDdwN6A4cDjAAAAAAAAAIBAAAAAAAAACgAAAAAAAAAAAAAAAAAAAOe}}

@article{kain98,
	Abstract = {A new voice conversion algorithm that modifies a source speaker's speech to sound as if produced by a target speaker is presented. It is applied to a residual-excited LPC text-to-speech diphone synthesizer. Spectral parameters are mapped using a locally linear transformation based on Gaussian mixture models whose parameters are trained by joint density estimation. The LPC residuals are adjusted to match the target speakers average pitch. To study effects of the amount of training on performance, data sets of varying sizes are created by automatically selecting subsets of all available diphones by a vector quantization method. In an objective evaluation, the proposed method is found to perform more reliably for small training sets than a previous approach. In perceptual tests, it was shown that nearly optimal spectral conversion performance was achieved, even with a small amount of training data. However, speech quality improved with increases in the training set size.},
	Annote = {Jointly modeling the source and target vectors with GMM},
	Author = {Kain, Alexander and Macon, Michael W.},
	Date-Added = {2009-08-21 14:04:07 +0200},
	Date-Modified = {2010-02-17 13:34:19 +0100},
	Journal = {IEEE International Conference on Acoustics, Speech, and Signal Processing, ICASSP},
	Keywords = {Speech technology, Voice conversion},
	Month = {May},
	Pages = {285--288},
	Rating = {5},
	Read = {Yes},
	Title = {Spectral voice conversion for text-to-speech synthesis},
	Volume = {1},
	Year = {1998},
	Bdsk-File-1 = {YnBsaXN0MDDUAQIDBAUIJidUJHRvcFgkb2JqZWN0c1gkdmVyc2lvblkkYXJjaGl2ZXLRBgdUcm9vdIABqAkKFRYXGyIjVSRudWxs0wsMDQ4RFFpOUy5vYmplY3RzV05TLmtleXNWJGNsYXNzog8QgASABqISE4ACgAOAB1lhbGlhc0RhdGFccmVsYXRpdmVQYXRo0hgNGRpXTlMuZGF0YU8RAjQAAAAAAjQAAgAADE1hY2ludG9zaCBIRAAAAAAAAAAAAAAAAAAAAMNHSJZIKwAAAVKCdh8xOTk4IFNwZWN0cmFsIHZvaWNlIzEwRTkzODcucGRmAAAAAAAAAAAAAAAAAAAAAAAAAAAAAAAAAAAAAAAAAAABDpOHxrRZ8QAAAAAAAAAAAAQABAAACSAAAAAAAAAAAAAAAAAAAAAES2FpbgAQAAgAAMNHLHYAAAARAAgAAMa0PdEAAAABABQBUoJ2AS8ZZgEuzqcAC6eAAAB5ZwACAExNYWNpbnRvc2ggSEQ6VXNlcnM6VGVyamU6RHJvcGJveDpQYXBlcnM6S2FpbjoxOTk4IFNwZWN0cmFsIHZvaWNlIzEwRTkzODcucGRmAA4AgAA/ADEAOQA5ADgAIABTAHAAZQBjAHQAcgBhAGwAIAB2AG8AaQBjAGUAIABjAG8AbgB2AGUAcgBzAGkAbwBuACAAZgBvAHIAIAB0AGUAeAB0AC0AdABvAC0AcwBwAGUAZQBjAGgAIABzAHkAbgB0AGgAZQBzAGkAcwAuAHAAZABmAA8AGgAMAE0AYQBjAGkAbgB0AG8AcwBoACAASABEABIAX1VzZXJzL1RlcmplL0Ryb3Bib3gvUGFwZXJzL0thaW4vMTk5OCBTcGVjdHJhbCB2b2ljZSBjb252ZXJzaW9uIGZvciB0ZXh0LXRvLXNwZWVjaCBzeW50aGVzaXMucGRmAAATAAEvAAAVAAIADP//AACABdIcHR4fWCRjbGFzc2VzWiRjbGFzc25hbWWjHyAhXU5TTXV0YWJsZURhdGFWTlNEYXRhWE5TT2JqZWN0XxBfLi4vLi4vLi4vLi4vRHJvcGJveC9QYXBlcnMvS2Fpbi8xOTk4IFNwZWN0cmFsIHZvaWNlIGNvbnZlcnNpb24gZm9yIHRleHQtdG8tc3BlZWNoIHN5bnRoZXNpcy5wZGbSHB0kJaIlIVxOU0RpY3Rpb25hcnkSAAGGoF8QD05TS2V5ZWRBcmNoaXZlcgAIABEAFgAfACgAMgA1ADoAPABFAEsAUgBdAGUAbABvAHEAcwB2AHgAegB8AIYAkwCYAKAC2ALaAt8C6ALzAvcDBQMMAxUDdwN8A38DjAORAAAAAAAAAgEAAAAAAAAAKAAAAAAAAAAAAAAAAAAAA6M=}}

@article{stylianou98,
	Annote = {GMM},
	Author = {Stylianou, Yannis and Cappe, Olivier and Moulines, Eric},
	Date-Added = {2009-08-21 13:59:46 +0200},
	Date-Modified = {2010-02-11 15:18:53 +0100},
	Journal = {IEEE Transactions on Speech and Audio Processing},
	Keywords = {Speech technology, Voice conversion},
	Month = {March},
	Number = {2},
	Pages = {131--142},
	Rating = {5},
	Read = {Yes},
	Title = {Continuous probabilistic transform for voice conversion},
	Volume = {6},
	Year = {1998},
	Bdsk-File-1 = {YnBsaXN0MDDUAQIDBAUIJidUJHRvcFgkb2JqZWN0c1gkdmVyc2lvblkkYXJjaGl2ZXLRBgdUcm9vdIABqAkKFRYXGyIjVSRudWxs0wsMDQ4RFFpOUy5vYmplY3RzV05TLmtleXNWJGNsYXNzog8QgASABqISE4ACgAOAB1lhbGlhc0RhdGFccmVsYXRpdmVQYXRo0hgNGRpXTlMuZGF0YU8RAkgAAAAAAkgAAgAADE1hY2ludG9zaCBIRAAAAAAAAAAAAAAAAAAAAMNHSJZIKwAAAVKCbR8xOTk4IENvbnRpbnVvdXMgcHJvIzEzMzcwQjcucGRmAAAAAAAAAAAAAAAAAAAAAAAAAAAAAAAAAAAAAAAAAAABM3C3xrRZIVBERiAAAAAAAAQABAAACSAAAAAAAAAAAAAAAAAAAAAJU3R5bGlhbm91AAAQAAgAAMNHLHYAAAARAAgAAMa0PQEAAAABABQBUoJtAS8ZZgEuzqcAC6eAAAB5ZwACAFFNYWNpbnRvc2ggSEQ6VXNlcnM6VGVyamU6RHJvcGJveDpQYXBlcnM6U3R5bGlhbm91OjE5OTggQ29udGludW91cyBwcm8jMTMzNzBCNy5wZGYAAA4AggBAADEAOQA5ADgAIABDAG8AbgB0AGkAbgB1AG8AdQBzACAAcAByAG8AYgBhAGIAaQBsAGkAcwB0AGkAYwAgAHQAcgBhAG4AcwBmAG8AcgBtACAAZgBvAHIAIAB2AG8AaQBjAGUAIABjAG8AbgB2AGUAcgBzAGkAbwBuAC4AcABkAGYADwAaAAwATQBhAGMAaQBuAHQAbwBzAGgAIABIAEQAEgBlVXNlcnMvVGVyamUvRHJvcGJveC9QYXBlcnMvU3R5bGlhbm91LzE5OTggQ29udGludW91cyBwcm9iYWJpbGlzdGljIHRyYW5zZm9ybSBmb3Igdm9pY2UgY29udmVyc2lvbi5wZGYAABMAAS8AABUAAgAM//8AAIAF0hwdHh9YJGNsYXNzZXNaJGNsYXNzbmFtZaMfICFdTlNNdXRhYmxlRGF0YVZOU0RhdGFYTlNPYmplY3RfEGUuLi8uLi8uLi8uLi9Ecm9wYm94L1BhcGVycy9TdHlsaWFub3UvMTk5OCBDb250aW51b3VzIHByb2JhYmlsaXN0aWMgdHJhbnNmb3JtIGZvciB2b2ljZSBjb252ZXJzaW9uLnBkZtIcHSQloiUhXE5TRGljdGlvbmFyeRIAAYagXxAPTlNLZXllZEFyY2hpdmVyAAgAEQAWAB8AKAAyADUAOgA8AEUASwBSAF0AZQBsAG8AcQBzAHYAeAB6AHwAhgCTAJgAoALsAu4C8wL8AwcDCwMZAyADKQORA5YDmQOmA6sAAAAAAAACAQAAAAAAAAAoAAAAAAAAAAAAAAAAAAADvQ==}}

@article{iwahashi94,
	Author = {Iwahashi, N. and Sagisaka, Y.},
	Date-Added = {2009-08-20 16:35:14 +0200},
	Date-Modified = {2009-10-22 12:34:55 +0200},
	Journal = {IEEE International Conference on Acoustics, Speech, and Signal Processing, ICASSP},
	Keywords = {Speech technology},
	Month = {April},
	Title = {Speech spectrum transformation by speaker interpolation},
	Volume = {1},
	Year = {1994},
	Bdsk-File-1 = {YnBsaXN0MDDUAQIDBAUIJidUJHRvcFgkb2JqZWN0c1gkdmVyc2lvblkkYXJjaGl2ZXLRBgdUcm9vdIABqAkKFRYXGyIjVSRudWxs0wsMDQ4RFFpOUy5vYmplY3RzV05TLmtleXNWJGNsYXNzog8QgASABqISE4ACgAOAB1lhbGlhc0RhdGFccmVsYXRpdmVQYXRo0hgNGRpXTlMuZGF0YU8RAkIAAAAAAkIAAgAADE1hY2ludG9zaCBIRAAAAAAAAAAAAAAAAAAAAMNHSJZIKwAAAVKCdx8xOTk0IFNwZWVjaCBzcGVjdHJ1IzEwRTIzNzQucGRmAAAAAAAAAAAAAAAAAAAAAAAAAAAAAAAAAAAAAAAAAAABDiN0xrMsEAAAAAAAAAAAAAQABAAACSAAAAAAAAAAAAAAAAAAAAAISXdhaGFzaGkAEAAIAADDRyx2AAAAEQAIAADGsw/wAAAAAQAUAVKCdwEvGWYBLs6nAAungAAAeWcAAgBQTWFjaW50b3NoIEhEOlVzZXJzOlRlcmplOkRyb3Bib3g6UGFwZXJzOkl3YWhhc2hpOjE5OTQgU3BlZWNoIHNwZWN0cnUjMTBFMjM3NC5wZGYADgCCAEAAMQA5ADkANAAgAFMAcABlAGUAYwBoACAAcwBwAGUAYwB0AHIAdQBtACAAdAByAGEAbgBzAGYAbwByAG0AYQB0AGkAbwBuACAAYgB5ACAAcwBwAGUAYQBrAGUAcgAgAGkAbgB0AGUAcgBwAG8AbABhAHQAaQBvAG4ALgBwAGQAZgAPABoADABNAGEAYwBpAG4AdABvAHMAaAAgAEgARAASAGRVc2Vycy9UZXJqZS9Ecm9wYm94L1BhcGVycy9Jd2FoYXNoaS8xOTk0IFNwZWVjaCBzcGVjdHJ1bSB0cmFuc2Zvcm1hdGlvbiBieSBzcGVha2VyIGludGVycG9sYXRpb24ucGRmABMAAS8AABUAAgAM//8AAIAF0hwdHh9YJGNsYXNzZXNaJGNsYXNzbmFtZaMfICFdTlNNdXRhYmxlRGF0YVZOU0RhdGFYTlNPYmplY3RfEGQuLi8uLi8uLi8uLi9Ecm9wYm94L1BhcGVycy9Jd2FoYXNoaS8xOTk0IFNwZWVjaCBzcGVjdHJ1bSB0cmFuc2Zvcm1hdGlvbiBieSBzcGVha2VyIGludGVycG9sYXRpb24ucGRm0hwdJCWiJSFcTlNEaWN0aW9uYXJ5EgABhqBfEA9OU0tleWVkQXJjaGl2ZXIACAARABYAHwAoADIANQA6ADwARQBLAFIAXQBlAGwAbwBxAHMAdgB4AHoAfACGAJMAmACgAuYC6ALtAvYDAQMFAxMDGgMjA4oDjwOSA58DpAAAAAAAAAIBAAAAAAAAACgAAAAAAAAAAAAAAAAAAAO2}}

@article{kuwabara95,
	Author = {Kuwabara, Hisao and Sagisak, Yoshinori},
	Date-Added = {2009-08-20 16:31:32 +0200},
	Date-Modified = {2009-08-20 16:33:25 +0200},
	Journal = {Speech Communication},
	Keywords = {Speech technology},
	Number = {2},
	Pages = {165--173},
	Publisher = {Elsevier},
	Title = {Acoustic characteristics of speaker individuality: Control and conversion},
	Volume = {16},
	Year = {1995},
	Bdsk-File-1 = {YnBsaXN0MDDUAQIDBAUIJidUJHRvcFgkb2JqZWN0c1gkdmVyc2lvblkkYXJjaGl2ZXLRBgdUcm9vdIABqAkKFRYXGyIjVSRudWxs0wsMDQ4RFFpOUy5vYmplY3RzV05TLmtleXNWJGNsYXNzog8QgASABqISE4ACgAOAB1lhbGlhc0RhdGFccmVsYXRpdmVQYXRo0hgNGRpXTlMuZGF0YU8RAkgAAAAAAkgAAgAADE1hY2ludG9zaCBIRAAAAAAAAAAAAAAAAAAAAMNHSJZIKwAAAVKChh8xOTk1IEFjb3VzdGljIGNoYXJhIzEwRTIzMzEucGRmAAAAAAAAAAAAAAAAAAAAAAAAAAAAAAAAAAAAAAAAAAABDiMxxrMrJgAAAAAAAAAAAAQABAAACSAAAAAAAAAAAAAAAAAAAAAIS3V3YWJhcmEAEAAIAADDRyx2AAAAEQAIAADGsw8GAAAAAQAUAVKChgEvGWYBLs6nAAungAAAeWcAAgBQTWFjaW50b3NoIEhEOlVzZXJzOlRlcmplOkRyb3Bib3g6UGFwZXJzOkt1d2FiYXJhOjE5OTUgQWNvdXN0aWMgY2hhcmEjMTBFMjMzMS5wZGYADgCGAEIAMQA5ADkANQAgAEEAYwBvAHUAcwB0AGkAYwAgAGMAaABhAHIAYQBjAHQAZQByAGkAcwB0AGkAYwBzACAAbwBmACAAcwBwAGUAYQBrAGUAcgAgAGkAbgBkAGkAdgBpAGQAdQBhAGwAaQB0AHkAIABDAG8AbgB0AHIAbwBsAC4AcABkAGYADwAaAAwATQBhAGMAaQBuAHQAbwBzAGgAIABIAEQAEgBmVXNlcnMvVGVyamUvRHJvcGJveC9QYXBlcnMvS3V3YWJhcmEvMTk5NSBBY291c3RpYyBjaGFyYWN0ZXJpc3RpY3Mgb2Ygc3BlYWtlciBpbmRpdmlkdWFsaXR5IENvbnRyb2wucGRmABMAAS8AABUAAgAM//8AAIAF0hwdHh9YJGNsYXNzZXNaJGNsYXNzbmFtZaMfICFdTlNNdXRhYmxlRGF0YVZOU0RhdGFYTlNPYmplY3RfEGYuLi8uLi8uLi8uLi9Ecm9wYm94L1BhcGVycy9LdXdhYmFyYS8xOTk1IEFjb3VzdGljIGNoYXJhY3RlcmlzdGljcyBvZiBzcGVha2VyIGluZGl2aWR1YWxpdHkgQ29udHJvbC5wZGbSHB0kJaIlIVxOU0RpY3Rpb25hcnkSAAGGoF8QD05TS2V5ZWRBcmNoaXZlcgAIABEAFgAfACgAMgA1ADoAPABFAEsAUgBdAGUAbABvAHEAcwB2AHgAegB8AIYAkwCYAKAC7ALuAvMC/AMHAwsDGQMgAykDkgOXA5oDpwOsAAAAAAAAAgEAAAAAAAAAKAAAAAAAAAAAAAAAAAAAA74=}}

@article{abe88,
	Abstract = {The authors propose a new voice conversion technique through vector quantization and spectrum mapping. The basic idea of this technique is to make mapping codebooks which represent the correspondence between different speakers' codebooks. The mapping codebooks for spectrum parameters, power values and pitch frequencies are separately generated using training utterances. This technique makes it possible to precisely control voice individuality. To evaluate the performance of this technique, hearing tests are carried out on two kinds of voice conversions. One is a conversion between male and female speakers, the other is a conversion between male speakers. In the male-to-female conversion experiment, all converted utterances are judged as female, and in the male-to-male conversion, 65% of them are identified as the target speaker.},
	Author = {Abe, M. and Nakamura, S. and Shikano, K. and Kuwabara, H.},
	Date-Added = {2009-08-20 16:24:33 +0200},
	Date-Modified = {2010-02-11 15:18:36 +0100},
	Journal = {IEEE International Conference on Acoustics, Speech, and Signal Processing, ICASSP},
	Keywords = {Speech technology, Voice conversion},
	Month = {April},
	Pages = {655--658},
	Title = {Voice conversion through vector quantization},
	Volume = {1},
	Year = {1988},
	Bdsk-File-1 = {YnBsaXN0MDDUAQIDBAUIJidUJHRvcFgkb2JqZWN0c1gkdmVyc2lvblkkYXJjaGl2ZXLRBgdUcm9vdIABqAkKFRYXGyIjVSRudWxs0wsMDQ4RFFpOUy5vYmplY3RzV05TLmtleXNWJGNsYXNzog8QgASABqISE4ACgAOAB1lhbGlhc0RhdGFccmVsYXRpdmVQYXRo0hgNGRpXTlMuZGF0YU8RAhQAAAAAAhQAAgAADE1hY2ludG9zaCBIRAAAAAAAAAAAAAAAAAAAAMNHSJZIKwAAAVKCeB8xOTg4IFZvaWNlIGNvbnZlcnNpIzEwRTIyM0MucGRmAAAAAAAAAAAAAAAAAAAAAAAAAAAAAAAAAAAAAAAAAAABDiI8xrMpkwAAAAAAAAAAAAQABAAACSAAAAAAAAAAAAAAAAAAAAADQWJlAAAQAAgAAMNHLHYAAAARAAgAAMazDXMAAAABABQBUoJ4AS8ZZgEuzqcAC6eAAAB5ZwACAEtNYWNpbnRvc2ggSEQ6VXNlcnM6VGVyamU6RHJvcGJveDpQYXBlcnM6QWJlOjE5ODggVm9pY2UgY29udmVyc2kjMTBFMjIzQy5wZGYAAA4AbAA1ADEAOQA4ADgAIABWAG8AaQBjAGUAIABjAG8AbgB2AGUAcgBzAGkAbwBuACAAdABoAHIAbwB1AGcAaAAgAHYAZQBjAHQAbwByACAAcQB1AGEAbgB0AGkAegBhAHQAaQBvAG4ALgBwAGQAZgAPABoADABNAGEAYwBpAG4AdABvAHMAaAAgAEgARAASAFRVc2Vycy9UZXJqZS9Ecm9wYm94L1BhcGVycy9BYmUvMTk4OCBWb2ljZSBjb252ZXJzaW9uIHRocm91Z2ggdmVjdG9yIHF1YW50aXphdGlvbi5wZGYAEwABLwAAFQACAAz//wAAgAXSHB0eH1gkY2xhc3Nlc1okY2xhc3NuYW1lox8gIV1OU011dGFibGVEYXRhVk5TRGF0YVhOU09iamVjdF8QVC4uLy4uLy4uLy4uL0Ryb3Bib3gvUGFwZXJzL0FiZS8xOTg4IFZvaWNlIGNvbnZlcnNpb24gdGhyb3VnaCB2ZWN0b3IgcXVhbnRpemF0aW9uLnBkZtIcHSQloiUhXE5TRGljdGlvbmFyeRIAAYagXxAPTlNLZXllZEFyY2hpdmVyAAgAEQAWAB8AKAAyADUAOgA8AEUASwBSAF0AZQBsAG8AcQBzAHYAeAB6AHwAhgCTAJgAoAK4AroCvwLIAtMC1wLlAuwC9QNMA1EDVANhA2YAAAAAAAACAQAAAAAAAAAoAAAAAAAAAAAAAAAAAAADeA==}}

@article{atal82,
	Abstract = {The excitation for LPC speech synthesis usually consists of two separate signals - a delta-function pulse once every pitch period for voiced speech and white noise for unvoiced speech. This manner of representing excitation requires that speech segments be classified accurately into voiced and unvoiced categories and the pitch period of voiced segments be known. It is now well recognized that such a rigid idealization of the vocal excitation is often responsible for the unnatural quality associated with synthesized speech. This paper describes a new approach to the excitation problem that does not require a priori knowledge of either the voiced-unvoiced decision or the pitch period. All classes of sounds are generated by exciting the LPC filter with a sequence of pulses; the amplitudes and locations of the pulses are determined using a non-iterative analysis-by-synthesis procedure. This procedure minimizes a perceptual-distance metric representing subjectively-important differences between the waveforms of the original and the synthetic speech signals. The distance metric takes account of the finite-frequency resolution as well as the differential sensitivity of the human ear to errors in the formant and inter-formant regions of the speech spectrum.},
	Author = {Bishnu S. Atal and Joel R. Remde},
	Date-Added = {2009-08-20 15:43:53 +0200},
	Date-Modified = {2009-10-22 12:35:56 +0200},
	Journal = {IEEE International Conference on Acoustics, Speech, and Signal Processing, ICASSP},
	Keywords = {Speech technology},
	Month = {May},
	Pages = {614--617},
	Title = {A new model of LPC excitation for producing natural-sounding speech at low bit rates},
	Volume = {7},
	Year = {1982},
	Bdsk-File-1 = {YnBsaXN0MDDUAQIDBAUIJidUJHRvcFgkb2JqZWN0c1gkdmVyc2lvblkkYXJjaGl2ZXLRBgdUcm9vdIABqAkKFRYXGyIjVSRudWxs0wsMDQ4RFFpOUy5vYmplY3RzV05TLmtleXNWJGNsYXNzog8QgASABqISE4ACgAOAB1lhbGlhc0RhdGFccmVsYXRpdmVQYXRo0hgNGRpXTlMuZGF0YU8RAloAAAAAAloAAgAADE1hY2ludG9zaCBIRAAAAAAAAAAAAAAAAAAAAMNHSJZIKwAAAVKCeR8xOTgyIEEgbmV3IG1vZGVsIG9mIzEwRTFFMkYucGRmAAAAAAAAAAAAAAAAAAAAAAAAAAAAAAAAAAAAAAAAAAABDh4vxrMflgAAAAAAAAAAAAQABAAACSAAAAAAAAAAAAAAAAAAAAAEQXRhbAAQAAgAAMNHLHYAAAARAAgAAMazA3YAAAABABQBUoJ5AS8ZZgEuzqcAC6eAAAB5ZwACAExNYWNpbnRvc2ggSEQ6VXNlcnM6VGVyamU6RHJvcGJveDpQYXBlcnM6QXRhbDoxOTgyIEEgbmV3IG1vZGVsIG9mIzEwRTFFMkYucGRmAA4AmgBMADEAOQA4ADIAIABBACAAbgBlAHcAIABtAG8AZABlAGwAIABvAGYAIABMAFAAQwAgAGUAeABjAGkAdABhAHQAaQBvAG4AIABmAG8AcgAgAHAAcgBvAGQAdQBjAGkAbgBnACAAbgBhAHQAdQByAGEAbAAtAHMAbwB1AG4AZABpAG4AZwAgAHMAcABlAGUAYwBoAC4AcABkAGYADwAaAAwATQBhAGMAaQBuAHQAbwBzAGgAIABIAEQAEgBsVXNlcnMvVGVyamUvRHJvcGJveC9QYXBlcnMvQXRhbC8xOTgyIEEgbmV3IG1vZGVsIG9mIExQQyBleGNpdGF0aW9uIGZvciBwcm9kdWNpbmcgbmF0dXJhbC1zb3VuZGluZyBzcGVlY2gucGRmABMAAS8AABUAAgAM//8AAIAF0hwdHh9YJGNsYXNzZXNaJGNsYXNzbmFtZaMfICFdTlNNdXRhYmxlRGF0YVZOU0RhdGFYTlNPYmplY3RfEGwuLi8uLi8uLi8uLi9Ecm9wYm94L1BhcGVycy9BdGFsLzE5ODIgQSBuZXcgbW9kZWwgb2YgTFBDIGV4Y2l0YXRpb24gZm9yIHByb2R1Y2luZyBuYXR1cmFsLXNvdW5kaW5nIHNwZWVjaC5wZGbSHB0kJaIlIVxOU0RpY3Rpb25hcnkSAAGGoF8QD05TS2V5ZWRBcmNoaXZlcgAIABEAFgAfACgAMgA1ADoAPABFAEsAUgBdAGUAbABvAHEAcwB2AHgAegB8AIYAkwCYAKAC/gMAAwUDDgMZAx0DKwMyAzsDqgOvA7IDvwPEAAAAAAAAAgEAAAAAAAAAKAAAAAAAAAAAAAAAAAAAA9Y=}}

@article{schroeder85,
	Abstract = {We describe in this paper a code-excited linear predictive coder in which the optimum innovation sequence is selected from a code book of stored sequences to optimize a given fidelity criterion. Each sample of the innovation sequence is filtered sequentially through two time-varying linear recursive filters, one with a long-delay (related to pitch period) predictor in the feedback loop and the other with a short-delay predictor (related to spectral envelope) in the feedback loop. We code speech, sampled at 8 kHz, in blocks of 5-msec duration. Each block consisting of 40 samples is produced from one of 1024 possible innovation sequences. The bit rate for the innovation sequence is thus 1/4 bit per sample. We compare in this paper several different random and deterministic code books for their effectiveness in providing the optimum innovation sequence in each block. Our results indicate that a random code book has a slight speech quality advantage at low bit rates. Examples of speech produced by the above method will be played at the conference.},
	Author = {Manfred R. Schroeder and Bishnu S. Atal},
	Date-Added = {2009-08-20 15:26:11 +0200},
	Date-Modified = {2009-10-22 12:36:36 +0200},
	Journal = {IEEE International Conference on Acoustics, Speech, and Signal Processing, ICASSP},
	Keywords = {Speech technology},
	Month = {April},
	Pages = {937--940},
	Title = {Code-excited linear prediction (CELP): High-quality speech at very low bit rates},
	Volume = {10},
	Year = {1985},
	Bdsk-File-1 = {YnBsaXN0MDDUAQIDBAUIJidUJHRvcFgkb2JqZWN0c1gkdmVyc2lvblkkYXJjaGl2ZXLRBgdUcm9vdIABqAkKFRYXGyIjVSRudWxs0wsMDQ4RFFpOUy5vYmplY3RzV05TLmtleXNWJGNsYXNzog8QgASABqISE4ACgAOAB1lhbGlhc0RhdGFccmVsYXRpdmVQYXRo0hgNGRpXTlMuZGF0YU8RAjgAAAAAAjgAAgAADE1hY2ludG9zaCBIRAAAAAAAAAAAAAAAAAAAAMNHSJZIKwAAAVKCeh8xOTg1IENvZGUtZXhjaXRlZCBsIzEwRTE2NzgucGRmAAAAAAAAAAAAAAAAAAAAAAAAAAAAAAAAAAAAAAAAAAABDhZ4xrMa7wAAAAAAAAAAAAQABAAACSAAAAAAAAAAAAAAAAAAAAAJU2Nocm9lZGVyAAAQAAgAAMNHLHYAAAARAAgAAMay/s8AAAABABQBUoJ6AS8ZZgEuzqcAC6eAAAB5ZwACAFFNYWNpbnRvc2ggSEQ6VXNlcnM6VGVyamU6RHJvcGJveDpQYXBlcnM6U2Nocm9lZGVyOjE5ODUgQ29kZS1leGNpdGVkIGwjMTBFMTY3OC5wZGYAAA4AeAA7ADEAOQA4ADUAIABDAG8AZABlAC0AZQB4AGMAaQB0AGUAZAAgAGwAaQBuAGUAYQByACAAcAByAGUAZABpAGMAdABpAG8AbgAgACgAQwBFAEwAUAApACAASABpAGcAaAAtAHEAdQBhAGwAaQB0AHkALgBwAGQAZgAPABoADABNAGEAYwBpAG4AdABvAHMAaAAgAEgARAASAGBVc2Vycy9UZXJqZS9Ecm9wYm94L1BhcGVycy9TY2hyb2VkZXIvMTk4NSBDb2RlLWV4Y2l0ZWQgbGluZWFyIHByZWRpY3Rpb24gKENFTFApIEhpZ2gtcXVhbGl0eS5wZGYAEwABLwAAFQACAAz//wAAgAXSHB0eH1gkY2xhc3Nlc1okY2xhc3NuYW1lox8gIV1OU011dGFibGVEYXRhVk5TRGF0YVhOU09iamVjdF8QYC4uLy4uLy4uLy4uL0Ryb3Bib3gvUGFwZXJzL1NjaHJvZWRlci8xOTg1IENvZGUtZXhjaXRlZCBsaW5lYXIgcHJlZGljdGlvbiAoQ0VMUCkgSGlnaC1xdWFsaXR5LnBkZtIcHSQloiUhXE5TRGljdGlvbmFyeRIAAYagXxAPTlNLZXllZEFyY2hpdmVyAAgAEQAWAB8AKAAyADUAOgA8AEUASwBSAF0AZQBsAG8AcQBzAHYAeAB6AHwAhgCTAJgAoALcAt4C4wLsAvcC+wMJAxADGQN8A4EDhAORA5YAAAAAAAACAQAAAAAAAAAoAAAAAAAAAAAAAAAAAAADqA==}}

@phdthesis{gajic02,
	Author = {Bojana Gajic},
	Date-Added = {2009-08-19 15:17:31 +0200},
	Date-Modified = {2009-08-19 15:19:03 +0200},
	Keywords = {Speech technology},
	School = {Norwegian University of Science and Technology},
	Title = {Feature Extraction for Automatic Speech Recognition in Noisy Acoustic Environments},
	Year = {2002},
	Bdsk-File-1 = {YnBsaXN0MDDUAQIDBAUIJidUJHRvcFgkb2JqZWN0c1gkdmVyc2lvblkkYXJjaGl2ZXLRBgdUcm9vdIABqAkKFRYXGyIjVSRudWxs0wsMDQ4RFFpOUy5vYmplY3RzV05TLmtleXNWJGNsYXNzog8QgASABqISE4ACgAOAB1lhbGlhc0RhdGFccmVsYXRpdmVQYXRo0hgNGRpXTlMuZGF0YU8RAjAAAAAAAjAAAgAADE1hY2ludG9zaCBIRAAAAAAAAAAAAAAAAAAAAMNHSJZIKwAAAVKCkB8yMDAyIEZlYXR1cmUgRXh0cmFjIzEwODc5RjIucGRmAAAAAAAAAAAAAAAAAAAAAAAAAAAAAAAAAAAAAAAAAAABCHnyxqEqDgAAAAAAAAAAAAQABAAACSAAAAAAAAAAAAAAAAAAAAAFR2FqaWMAABAACAAAw0csdgAAABEACAAAxqEN7gAAAAEAFAFSgpABLxlmAS7OpwALp4AAAHlnAAIATU1hY2ludG9zaCBIRDpVc2VyczpUZXJqZTpEcm9wYm94OlBhcGVyczpHYWppYzoyMDAyIEZlYXR1cmUgRXh0cmFjIzEwODc5RjIucGRmAAAOAHoAPAAyADAAMAAyACAARgBlAGEAdAB1AHIAZQAgAEUAeAB0AHIAYQBjAHQAaQBvAG4AIABmAG8AcgAgAEEAdQB0AG8AbQBhAHQAaQBjACAAUwBwAGUAZQBjAGgAIABSAGUAYwBvAGcAbgBpAHQAaQBvAG4ALgBwAGQAZgAPABoADABNAGEAYwBpAG4AdABvAHMAaAAgAEgARAASAF1Vc2Vycy9UZXJqZS9Ecm9wYm94L1BhcGVycy9HYWppYy8yMDAyIEZlYXR1cmUgRXh0cmFjdGlvbiBmb3IgQXV0b21hdGljIFNwZWVjaCBSZWNvZ25pdGlvbi5wZGYAABMAAS8AABUAAgAM//8AAIAF0hwdHh9YJGNsYXNzZXNaJGNsYXNzbmFtZaMfICFdTlNNdXRhYmxlRGF0YVZOU0RhdGFYTlNPYmplY3RfEF0uLi8uLi8uLi8uLi9Ecm9wYm94L1BhcGVycy9HYWppYy8yMDAyIEZlYXR1cmUgRXh0cmFjdGlvbiBmb3IgQXV0b21hdGljIFNwZWVjaCBSZWNvZ25pdGlvbi5wZGbSHB0kJaIlIVxOU0RpY3Rpb25hcnkSAAGGoF8QD05TS2V5ZWRBcmNoaXZlcgAIABEAFgAfACgAMgA1ADoAPABFAEsAUgBdAGUAbABvAHEAcwB2AHgAegB8AIYAkwCYAKAC1ALWAtsC5ALvAvMDAQMIAxEDcQN2A3kDhgOLAAAAAAAAAgEAAAAAAAAAKAAAAAAAAAAAAAAAAAAAA50=}}

@article{perkis01a,
	Author = {Andrew Perkis and Yousri Abdeljaoued and Charilaos Christopoulos and Touradj Ebrahimi and Joe F. Chicharo},
	Date-Added = {2009-08-18 22:27:33 +0200},
	Date-Modified = {2009-08-20 15:54:10 +0200},
	Journal = {Circuits Systems Signal Processing},
	Keywords = {Multimedia},
	Number = {3},
	Pages = {387--402},
	Read = {Yes},
	Title = {Universal Multimedia Access From Wired and Wireless Systems},
	Volume = {20},
	Year = {2001},
	Bdsk-File-1 = {YnBsaXN0MDDUAQIDBAUIJidUJHRvcFgkb2JqZWN0c1gkdmVyc2lvblkkYXJjaGl2ZXLRBgdUcm9vdIABqAkKFRYXGyIjVSRudWxs0wsMDQ4RFFpOUy5vYmplY3RzV05TLmtleXNWJGNsYXNzog8QgASABqISE4ACgAOAB1lhbGlhc0RhdGFccmVsYXRpdmVQYXRo0hgNGRpXTlMuZGF0YU8RAgoAAAAAAgoAAgAADE1hY2ludG9zaCBIRAAAAAAAAAAAAAAAAAAAAMNHSJZIKwAAAVKCbB8yMDAxIFVuaXZlcnNhbCBNdWx0aSMyODA3OTUucGRmAAAAAAAAAAAAAAAAAAAAAAAAAAAAAAAAAAAAAAAAAAAAKAeVw9808QAAAAAAAAAAAAQABAAACSAAAAAAAAAAAAAAAAAAAAAGUGVya2lzABAACAAAw0csdgAAABEACAAAw98m4QAAAAEAFAFSgmwBLxlmAS7OpwALp4AAAHlnAAIATk1hY2ludG9zaCBIRDpVc2VyczpUZXJqZTpEcm9wYm94OlBhcGVyczpQZXJraXM6MjAwMSBVbml2ZXJzYWwgTXVsdGkjMjgwNzk1LnBkZgAOAGAALwAyADAAMAAxACAAVQBuAGkAdgBlAHIAcwBhAGwAIABNAHUAbAB0AGkAbQBlAGQAaQBhACAAQQBjAGMAZQBzAHMAIABGAHIAbwBtACAAVwBpAHIAZQBkAC4AcABkAGYADwAaAAwATQBhAGMAaQBuAHQAbwBzAGgAIABIAEQAEgBRVXNlcnMvVGVyamUvRHJvcGJveC9QYXBlcnMvUGVya2lzLzIwMDEgVW5pdmVyc2FsIE11bHRpbWVkaWEgQWNjZXNzIEZyb20gV2lyZWQucGRmAAATAAEvAAAVAAIADP//AACABdIcHR4fWCRjbGFzc2VzWiRjbGFzc25hbWWjHyAhXU5TTXV0YWJsZURhdGFWTlNEYXRhWE5TT2JqZWN0XxBRLi4vLi4vLi4vLi4vRHJvcGJveC9QYXBlcnMvUGVya2lzLzIwMDEgVW5pdmVyc2FsIE11bHRpbWVkaWEgQWNjZXNzIEZyb20gV2lyZWQucGRm0hwdJCWiJSFcTlNEaWN0aW9uYXJ5EgABhqBfEA9OU0tleWVkQXJjaGl2ZXIACAARABYAHwAoADIANQA6ADwARQBLAFIAXQBlAGwAbwBxAHMAdgB4AHoAfACGAJMAmACgAq4CsAK1Ar4CyQLNAtsC4gLrAz8DRANHA1QDWQAAAAAAAAIBAAAAAAAAACgAAAAAAAAAAAAAAAAAAANr}}

@article{wiegand03,
	Author = {Thomas Wiegand and Gary J. Sullivan and Gisle Bj{\o}ntegaard and Ajay Luthra},
	Date-Added = {2009-08-18 22:24:33 +0200},
	Date-Modified = {2009-10-22 12:40:34 +0200},
	Journal = {IEEE Transactions on Circuits and Systems for Video Technology},
	Keywords = {Multimedia},
	Month = {July},
	Number = {7},
	Pages = {560--576},
	Read = {Yes},
	Title = {Overview of the H.264/AVC Video Coding Standard},
	Volume = {13},
	Year = {2003},
	Bdsk-File-1 = {YnBsaXN0MDDUAQIDBAUIJidUJHRvcFgkb2JqZWN0c1gkdmVyc2lvblkkYXJjaGl2ZXLRBgdUcm9vdIABqAkKFRYXGyIjVSRudWxs0wsMDQ4RFFpOUy5vYmplY3RzV05TLmtleXNWJGNsYXNzog8QgASABqISE4ACgAOAB1lhbGlhc0RhdGFccmVsYXRpdmVQYXRo0hgNGRpXTlMuZGF0YU8RAioAAAAAAioAAgAADE1hY2ludG9zaCBIRAAAAAAAAAAAAAAAAAAAAMNHSJZIKwAAAVKCfx8yMDAzIE92ZXJ2aWV3IG9mIHRoZSMyRTNDMDAucGRmAAAAAAAAAAAAAAAAAAAAAAAAAAAAAAAAAAAAAAAAAAAALjwAvHSl+AAAAAAAAAAAAAQABAAACSAAAAAAAAAAAAAAAAAAAAAHV2llZ2FuZAAAEAAIAADDRyx2AAAAEQAIAAC8dJfoAAAAAQAUAVKCfwEvGWYBLs6nAAungAAAeWcAAgBPTWFjaW50b3NoIEhEOlVzZXJzOlRlcmplOkRyb3Bib3g6UGFwZXJzOldpZWdhbmQ6MjAwMyBPdmVydmlldyBvZiB0aGUjMkUzQzAwLnBkZgAADgByADgAMgAwADAAMwAgAE8AdgBlAHIAdgBpAGUAdwAgAG8AZgAgAHQAaABlACAASAAuADIANgA0AC0AQQBWAEMAIABWAGkAZABlAG8AIABDAG8AZABpAG4AZwAgAFMAdABhAG4AZABhAHIAZAAuAHAAZABmAA8AGgAMAE0AYQBjAGkAbgB0AG8AcwBoACAASABEABIAW1VzZXJzL1RlcmplL0Ryb3Bib3gvUGFwZXJzL1dpZWdhbmQvMjAwMyBPdmVydmlldyBvZiB0aGUgSC4yNjQtQVZDIFZpZGVvIENvZGluZyBTdGFuZGFyZC5wZGYAABMAAS8AABUAAgAM//8AAIAF0hwdHh9YJGNsYXNzZXNaJGNsYXNzbmFtZaMfICFdTlNNdXRhYmxlRGF0YVZOU0RhdGFYTlNPYmplY3RfEFsuLi8uLi8uLi8uLi9Ecm9wYm94L1BhcGVycy9XaWVnYW5kLzIwMDMgT3ZlcnZpZXcgb2YgdGhlIEguMjY0LUFWQyBWaWRlbyBDb2RpbmcgU3RhbmRhcmQucGRm0hwdJCWiJSFcTlNEaWN0aW9uYXJ5EgABhqBfEA9OU0tleWVkQXJjaGl2ZXIACAARABYAHwAoADIANQA6ADwARQBLAFIAXQBlAGwAbwBxAHMAdgB4AHoAfACGAJMAmACgAs4C0ALVAt4C6QLtAvsDAgMLA2kDbgNxA34DgwAAAAAAAAIBAAAAAAAAACgAAAAAAAAAAAAAAAAAAAOV}}

@article{gomila03,
	Author = {Cristina Gomila and Peng Yin},
	Date-Added = {2009-08-18 22:21:41 +0200},
	Date-Modified = {2009-08-20 15:54:15 +0200},
	Journal = {Thomson Inc. Corporate Research},
	Keywords = {Multimedia},
	Read = {Yes},
	Title = {New Features and Applications of the H.264 Video Coding Standard},
	Year = {2003},
	Bdsk-File-1 = {YnBsaXN0MDDUAQIDBAUIJidUJHRvcFgkb2JqZWN0c1gkdmVyc2lvblkkYXJjaGl2ZXLRBgdUcm9vdIABqAkKFRYXGyIjVSRudWxs0wsMDQ4RFFpOUy5vYmplY3RzV05TLmtleXNWJGNsYXNzog8QgASABqISE4ACgAOAB1lhbGlhc0RhdGFccmVsYXRpdmVQYXRo0hgNGRpXTlMuZGF0YU8RAjwAAAAAAjwAAgAADE1hY2ludG9zaCBIRAAAAAAAAAAAAAAAAAAAAMNHSJZIKwAAAVKCiB8yMDAzIE5ldyBGZWF0dXJlcyBhbiMyRTNCRkYucGRmAAAAAAAAAAAAAAAAAAAAAAAAAAAAAAAAAAAAAAAAAAAALjv/vII12gAAAAAAAAAAAAQABAAACSAAAAAAAAAAAAAAAAAAAAAGR29taWxhABAACAAAw0csdgAAABEACAAAvIInygAAAAEAFAFSgogBLxlmAS7OpwALp4AAAHlnAAIATk1hY2ludG9zaCBIRDpVc2VyczpUZXJqZTpEcm9wYm94OlBhcGVyczpHb21pbGE6MjAwMyBOZXcgRmVhdHVyZXMgYW4jMkUzQkZGLnBkZgAOAIIAQAAyADAAMAAzACAATgBlAHcAIABGAGUAYQB0AHUAcgBlAHMAIABhAG4AZAAgAEEAcABwAGwAaQBjAGEAdABpAG8AbgBzACAAbwBmACAAdABoAGUAIABIAC4AMgA2ADQAIABWAGkAZABlAG8AIABDAG8AZABpAG4AZwAuAHAAZABmAA8AGgAMAE0AYQBjAGkAbgB0AG8AcwBoACAASABEABIAYlVzZXJzL1RlcmplL0Ryb3Bib3gvUGFwZXJzL0dvbWlsYS8yMDAzIE5ldyBGZWF0dXJlcyBhbmQgQXBwbGljYXRpb25zIG9mIHRoZSBILjI2NCBWaWRlbyBDb2RpbmcucGRmABMAAS8AABUAAgAM//8AAIAF0hwdHh9YJGNsYXNzZXNaJGNsYXNzbmFtZaMfICFdTlNNdXRhYmxlRGF0YVZOU0RhdGFYTlNPYmplY3RfEGIuLi8uLi8uLi8uLi9Ecm9wYm94L1BhcGVycy9Hb21pbGEvMjAwMyBOZXcgRmVhdHVyZXMgYW5kIEFwcGxpY2F0aW9ucyBvZiB0aGUgSC4yNjQgVmlkZW8gQ29kaW5nLnBkZtIcHSQloiUhXE5TRGljdGlvbmFyeRIAAYagXxAPTlNLZXllZEFyY2hpdmVyAAgAEQAWAB8AKAAyADUAOgA8AEUASwBSAF0AZQBsAG8AcQBzAHYAeAB6AHwAhgCTAJgAoALgAuIC5wLwAvsC/wMNAxQDHQOCA4cDigOXA5wAAAAAAAACAQAAAAAAAAAoAAAAAAAAAAAAAAAAAAADrg==}}

@article{perkis01,
	Author = {Andrew Perkis},
	Date-Added = {2009-08-18 22:17:31 +0200},
	Date-Modified = {2009-08-20 15:54:09 +0200},
	Journal = {Circuits Systems Signal Processing},
	Keywords = {Multimedia},
	Number = {3},
	Pages = {415--445},
	Read = {Yes},
	Title = {On The Importance of Error Resilience in Visual Communications Over Noisy Channels},
	Volume = {20},
	Year = {2001},
	Bdsk-File-1 = {YnBsaXN0MDDUAQIDBAUIJidUJHRvcFgkb2JqZWN0c1gkdmVyc2lvblkkYXJjaGl2ZXLRBgdUcm9vdIABqAkKFRYXGyIjVSRudWxs0wsMDQ4RFFpOUy5vYmplY3RzV05TLmtleXNWJGNsYXNzog8QgASABqISE4ACgAOAB1lhbGlhc0RhdGFccmVsYXRpdmVQYXRo0hgNGRpXTlMuZGF0YU8RAlIAAAAAAlIAAgAADE1hY2ludG9zaCBIRAAAAAAAAAAAAAAAAAAAAMNHSJZIKwAAAVKCbB8yMDAxIE9uIFRoZSBJbXBvcnRhbiMyODA3RjIucGRmAAAAAAAAAAAAAAAAAAAAAAAAAAAAAAAAAAAAAAAAAAAAKAfyw981cwAAAAAAAAAAAAQABAAACSAAAAAAAAAAAAAAAAAAAAAGUGVya2lzABAACAAAw0csdgAAABEACAAAw98nYwAAAAEAFAFSgmwBLxlmAS7OpwALp4AAAHlnAAIATk1hY2ludG9zaCBIRDpVc2VyczpUZXJqZTpEcm9wYm94OlBhcGVyczpQZXJraXM6MjAwMSBPbiBUaGUgSW1wb3J0YW4jMjgwN0YyLnBkZgAOAJAARwAyADAAMAAxACAATwBuACAAVABoAGUAIABJAG0AcABvAHIAdABhAG4AYwBlACAAbwBmACAARQByAHIAbwByACAAUgBlAHMAaQBsAGkAZQBuAGMAZQAgAGkAbgAgAFYAaQBzAHUAYQBsACAAQwBvAG0AbQB1AG4AaQBjAGEAdABpAG8AbgBzAC4AcABkAGYADwAaAAwATQBhAGMAaQBuAHQAbwBzAGgAIABIAEQAEgBpVXNlcnMvVGVyamUvRHJvcGJveC9QYXBlcnMvUGVya2lzLzIwMDEgT24gVGhlIEltcG9ydGFuY2Ugb2YgRXJyb3IgUmVzaWxpZW5jZSBpbiBWaXN1YWwgQ29tbXVuaWNhdGlvbnMucGRmAAATAAEvAAAVAAIADP//AACABdIcHR4fWCRjbGFzc2VzWiRjbGFzc25hbWWjHyAhXU5TTXV0YWJsZURhdGFWTlNEYXRhWE5TT2JqZWN0XxBpLi4vLi4vLi4vLi4vRHJvcGJveC9QYXBlcnMvUGVya2lzLzIwMDEgT24gVGhlIEltcG9ydGFuY2Ugb2YgRXJyb3IgUmVzaWxpZW5jZSBpbiBWaXN1YWwgQ29tbXVuaWNhdGlvbnMucGRm0hwdJCWiJSFcTlNEaWN0aW9uYXJ5EgABhqBfEA9OU0tleWVkQXJjaGl2ZXIACAARABYAHwAoADIANQA6ADwARQBLAFIAXQBlAGwAbwBxAHMAdgB4AHoAfACGAJMAmACgAvYC+AL9AwYDEQMVAyMDKgMzA58DpAOnA7QDuQAAAAAAAAIBAAAAAAAAACgAAAAAAAAAAAAAAAAAAAPL}}

@book{satkom,
	Author = {Pratt, Timothy and Bostian, Charles and Allnutt, Jeremy},
	Date-Added = {2009-02-23 12:33:56 +0100},
	Date-Modified = {2009-08-20 15:54:16 +0200},
	Edition = {Second},
	Keywords = {Communication Theory},
	Publisher = {John Wiley \& Sons},
	Read = {Yes},
	Title = {Satellite Communications},
	Year = {2003}}

@book{taletek,
	Address = {New Jersey},
	Author = {Xuedong Huang and Alex Acero and Hsiao-Wuen Hon},
	Date-Added = {2009-02-23 12:28:52 +0100},
	Date-Modified = {2009-08-18 22:52:12 +0200},
	Editor = {Jane Bonnell},
	Keywords = {Speech technology},
	Publisher = {Prentice Hall PTR},
	Read = {Yes},
	Title = {Spoken Language Processing},
	Year = {2001}}

@book{diskmatte,
	Author = {Rose, Kenneth H.},
	Date-Added = {2008-10-04 14:57:57 +0200},
	Date-Modified = {2009-08-18 22:30:51 +0200},
	Edition = {fifth},
	Keywords = {Mathematics},
	Publisher = {McGRAW-HILL},
	Read = {Yes},
	Title = {Discrete Mathematics and Its Applications},
	Year = {2003}}

@book{infoteori,
	Author = {MacKay, David J. C.},
	Date-Added = {2008-10-03 10:41:27 +0200},
	Date-Modified = {2008-10-03 10:43:34 +0200},
	Keywords = {Information Theory},
	Publisher = {Cambridge},
	Read = {Yes},
	Title = {Information Theory, Inference, and Learning Algorithms},
	Year = {2003}}

@book{digkom,
	Author = {Barry, John R. and Lee, Edward A. and Messerschmitt, David G.},
	Date-Added = {2008-10-03 10:30:29 +0200},
	Date-Modified = {2009-08-18 22:30:38 +0200},
	Edition = {third},
	Keywords = {Communication Theory},
	Publisher = {Springer},
	Read = {Yes},
	Title = {Digital Communication},
	Year = {2004}}

@book{infosig,
	Author = {Ramstad, Tor A.},
	Date-Added = {2008-04-18 08:47:56 +0200},
	Date-Modified = {2009-08-18 22:31:03 +0200},
	Edition = {5th},
	Keywords = {Signal processing},
	Month = {December},
	Publisher = {NTNU},
	Read = {Yes},
	Title = {Representing Information by Signals},
	Year = {2005}}

@article{anvendt,
	Author = {Johnsen, Magne H.},
	Date-Added = {2008-04-17 17:05:14 +0200},
	Date-Modified = {2009-08-18 22:31:03 +0200},
	Journal = {Course material},
	Keywords = {Signal processing},
	Month = {January},
	Note = {\url{http://www.iet.ntnu.no/courses/ttt4225/lecture/talekommunikasjon.pdf}},
	Read = {Yes},
	Title = {Applied Signal Processing},
	Year = {2007}}

@article{jpeg2000paper,
	Author = {Christopoulos, Charilaos and Skodras, Athanassios and Ebrahimi, Touradj},
	Date-Added = {2008-02-20 12:31:31 +0100},
	Date-Modified = {2009-08-18 22:30:12 +0200},
	Journal = {IEEE Transactions on Consumer Electronics},
	Keywords = {Multimedia},
	Month = {November},
	Number = {4},
	Read = {Yes},
	Title = {The JPEG2000 still image coding system: An overview},
	Volume = {46},
	Year = {2000},
	Bdsk-File-1 = {YnBsaXN0MDDUAQIDBAUIJidUJHRvcFgkb2JqZWN0c1gkdmVyc2lvblkkYXJjaGl2ZXLRBgdUcm9vdIABqAkKFRYXGyIjVSRudWxs0wsMDQ4RFFpOUy5vYmplY3RzV05TLmtleXNWJGNsYXNzog8QgASABqISE4ACgAOAB1lhbGlhc0RhdGFccmVsYXRpdmVQYXRo0hgNGRpXTlMuZGF0YU8RAiAAAAAAAiAAAgAADE1hY2ludG9zaCBIRAAAAAAAAAAAAAAAAAAAAMNHSJZIKwAAAVKCgB8yMDAwIFRoZSBKUEVHMjAwMCBzdCMyNkM5NjUucGRmAAAAAAAAAAAAAAAAAAAAAAAAAAAAAAAAAAAAAAAAAAAAJsllvD1S3gAAAAAAAAAAAAQABAAACSAAAAAAAAAAAAAAAAAAAAANQ2hyaXN0b3BvdWxvcwAAEAAIAADDRyx2AAAAEQAIAAC8PUTOAAAAAQAUAVKCgAEvGWYBLs6nAAungAAAeWcAAgBVTWFjaW50b3NoIEhEOlVzZXJzOlRlcmplOkRyb3Bib3g6UGFwZXJzOkNocmlzdG9wb3Vsb3M6MjAwMCBUaGUgSlBFRzIwMDAgc3QjMjZDOTY1LnBkZgAADgBgAC8AMgAwADAAMAAgAFQAaABlACAASgBQAEUARwAyADAAMAAwACAAcwB0AGkAbABsACAAaQBtAGEAZwBlACAAYwBvAGQAaQBuAGcAIABzAHkAcwB0AGUAbQAuAHAAZABmAA8AGgAMAE0AYQBjAGkAbgB0AG8AcwBoACAASABEABIAWFVzZXJzL1RlcmplL0Ryb3Bib3gvUGFwZXJzL0NocmlzdG9wb3Vsb3MvMjAwMCBUaGUgSlBFRzIwMDAgc3RpbGwgaW1hZ2UgY29kaW5nIHN5c3RlbS5wZGYAEwABLwAAFQACAAz//wAAgAXSHB0eH1gkY2xhc3Nlc1okY2xhc3NuYW1lox8gIV1OU011dGFibGVEYXRhVk5TRGF0YVhOU09iamVjdF8QWC4uLy4uLy4uLy4uL0Ryb3Bib3gvUGFwZXJzL0NocmlzdG9wb3Vsb3MvMjAwMCBUaGUgSlBFRzIwMDAgc3RpbGwgaW1hZ2UgY29kaW5nIHN5c3RlbS5wZGbSHB0kJaIlIVxOU0RpY3Rpb25hcnkSAAGGoF8QD05TS2V5ZWRBcmNoaXZlcgAIABEAFgAfACgAMgA1ADoAPABFAEsAUgBdAGUAbABvAHEAcwB2AHgAegB8AIYAkwCYAKACxALGAssC1ALfAuMC8QL4AwEDXANhA2QDcQN2AAAAAAAAAgEAAAAAAAAAKAAAAAAAAAAAAAAAAAAAA4g=}}

@book{komteori,
	Author = {Haykin, Simon},
	Date-Added = {2008-02-02 12:22:53 +0100},
	Date-Modified = {2009-08-18 22:30:38 +0200},
	Edition = {4th},
	Keywords = {Communication Theory},
	Publisher = {John Wiley \& Sons},
	Read = {Yes},
	Title = {Communication System},
	Year = {2001}}

@book{digsig,
	Author = {Proakis, John G. and Manolakis, Dimitris G.},
	Date-Added = {2008-02-02 11:48:29 +0100},
	Date-Modified = {2009-08-18 22:31:03 +0200},
	Keywords = {Signal processing},
	Publisher = {Pearson Prentice Hall},
	Read = {Yes},
	Title = {Digital Signal Processing},
	Year = {2007}}

@book{multimedia,
	Author = {Gibson, Jerry D. and Berger, Toby},
	Date-Added = {2008-02-01 22:33:44 +0100},
	Date-Modified = {2009-08-18 22:16:55 +0200},
	Keywords = {Multimedia},
	Publisher = {Morgan Kaufmann Publishers},
	Read = {Yes},
	Title = {Digital Compression for Multimedia},
	Year = {1998}}

@book{akustikk,
	Author = {Raichel, Daniel R.},
	Date-Added = {2008-01-23 17:02:32 +0100},
	Date-Modified = {2009-08-20 23:41:24 +0200},
	Edition = {second},
	Keywords = {Acoustics},
	Publisher = {Springer},
	Read = {Yes},
	Title = {The Science and Applications of Acoustics},
	Year = {2006}}

@phdthesis{nguyen09,
	Annote = {Kap 1.4.2},
	Author = {Nguyen, Binh Phu},
	Date-Added = {2009-07-10 19:24:55 +0200},
	Date-Modified = {2009-08-28 12:55:03 +0200},
	Keywords = {Speech technology},
	Month = {March},
	Rating = {0},
	Read = {Yes},
	School = {Japan Advanced Insitute of Science and Technology},
	Title = {Studies on Spectral Modification in Voice Transformation},
	Year = {2009},
	Bdsk-File-1 = {YnBsaXN0MDDUAQIDBAUIJidUJHRvcFgkb2JqZWN0c1gkdmVyc2lvblkkYXJjaGl2ZXLRBgdUcm9vdIABqAkKFRYXGyIjVSRudWxs0wsMDQ4RFFpOUy5vYmplY3RzV05TLmtleXNWJGNsYXNzog8QgASABqISE4ACgAOAB1lhbGlhc0RhdGFccmVsYXRpdmVQYXRo0hgNGRpXTlMuZGF0YU8RAkAAAAAAAkAAAgAADE1hY2ludG9zaCBIRAAAAAAAAAAAAAAAAAAAAMNHSJZIKwAAAVKCkR8yMDA5IFN0dWRpZXMgb24gU3BlIzExMUMyM0MucGRmAAAAAAAAAAAAAAAAAAAAAAAAAAAAAAAAAAAAAAAAAAABEcI8xqC3mlBERiAAAAAAAAQABAAACSAAAAAAAAAAAAAAAAAAAAAGTmd1eWVuABAACAAAw0csdgAAABEACAAAxqCbegAAAAEAFAFSgpEBLxlmAS7OpwALp4AAAHlnAAIATk1hY2ludG9zaCBIRDpVc2VyczpUZXJqZTpEcm9wYm94OlBhcGVyczpOZ3V5ZW46MjAwOSBTdHVkaWVzIG9uIFNwZSMxMTFDMjNDLnBkZgAOAIQAQQAyADAAMAA5ACAAUwB0AHUAZABpAGUAcwAgAG8AbgAgAFMAcABlAGMAdAByAGEAbAAgAE0AbwBkAGkAZgBpAGMAYQB0AGkAbwBuACAAaQBuACAAVgBvAGkAYwBlACAAVAByAGEAbgBzAGYAbwByAG0AYQB0AGkAbwBuAC4AcABkAGYADwAaAAwATQBhAGMAaQBuAHQAbwBzAGgAIABIAEQAEgBjVXNlcnMvVGVyamUvRHJvcGJveC9QYXBlcnMvTmd1eWVuLzIwMDkgU3R1ZGllcyBvbiBTcGVjdHJhbCBNb2RpZmljYXRpb24gaW4gVm9pY2UgVHJhbnNmb3JtYXRpb24ucGRmAAATAAEvAAAVAAIADP//AACABdIcHR4fWCRjbGFzc2VzWiRjbGFzc25hbWWjHyAhXU5TTXV0YWJsZURhdGFWTlNEYXRhWE5TT2JqZWN0XxBjLi4vLi4vLi4vLi4vRHJvcGJveC9QYXBlcnMvTmd1eWVuLzIwMDkgU3R1ZGllcyBvbiBTcGVjdHJhbCBNb2RpZmljYXRpb24gaW4gVm9pY2UgVHJhbnNmb3JtYXRpb24ucGRm0hwdJCWiJSFcTlNEaWN0aW9uYXJ5EgABhqBfEA9OU0tleWVkQXJjaGl2ZXIACAARABYAHwAoADIANQA6ADwARQBLAFIAXQBlAGwAbwBxAHMAdgB4AHoAfACGAJMAmACgAuQC5gLrAvQC/wMDAxEDGAMhA4cDjAOPA5wDoQAAAAAAAAIBAAAAAAAAACgAAAAAAAAAAAAAAAAAAAOz}}

@inbook{stylianou08,
	Annote = {Overview article},
	Author = {Yannis Stylianou},
	Chapter = {24},
	Date-Added = {2009-07-10 19:24:55 +0200},
	Date-Modified = {2010-02-11 15:19:13 +0100},
	Editor = {Jacob Benesty and M. Mohan Sondhi and Yiteng Huang},
	Keywords = {Speech technology, Voice conversion},
	Month = {October},
	Pages = {489--503},
	Publisher = {Springer},
	Rating = {5},
	Read = {Yes},
	Title = {Springer Handbook of Speech Processing},
	Url = {http://www.google.com/books?id=Slg10ekZBkAC&lpg=PR31&ots=wc7vO6VrKm&dq=springer%20handbook%20of%20speech%20processing&lr=&pg=PR20#v=onepage&q=&f=false},
	Year = {2008},
	Bdsk-File-1 = {YnBsaXN0MDDUAQIDBAUIJidUJHRvcFgkb2JqZWN0c1gkdmVyc2lvblkkYXJjaGl2ZXLRBgdUcm9vdIABqAkKFRYXGyIjVSRudWxs0wsMDQ4RFFpOUy5vYmplY3RzV05TLmtleXNWJGNsYXNzog8QgASABqISE4ACgAOAB1lhbGlhc0RhdGFccmVsYXRpdmVQYXRo0hgNGRpXTlMuZGF0YU8RAjAAAAAAAjAAAgAADE1hY2ludG9zaCBIRAAAAAAAAAAAAAAAAAAAAMNHSJZIKwAAAVKCbR8yMDA4IFNwcmluZ2VyIEhhbmRiIzEwODAzMEMucGRmAAAAAAAAAAAAAAAAAAAAAAAAAAAAAAAAAAAAAAAAAAABCAMMxqC3mgAAAAAAAAAAAAQABAAACSAAAAAAAAAAAAAAAAAAAAAJU3R5bGlhbm91AAAQAAgAAMNHLHYAAAARAAgAAMagm3oAAAABABQBUoJtAS8ZZgEuzqcAC6eAAAB5ZwACAFFNYWNpbnRvc2ggSEQ6VXNlcnM6VGVyamU6RHJvcGJveDpQYXBlcnM6U3R5bGlhbm91OjIwMDggU3ByaW5nZXIgSGFuZGIjMTA4MDMwQy5wZGYAAA4AcgA4ADIAMAAwADgAIABTAHAAcgBpAG4AZwBlAHIAIABIAGEAbgBkAGIAbwBvAGsAIABvAGYAIABTAHAAZQBlAGMAaAAgAFAAcgBvAGMAZQBzAHMAaQBuAGcAIAAoAGMAaABhAHAAdABlAHIALgBwAGQAZgAPABoADABNAGEAYwBpAG4AdABvAHMAaAAgAEgARAASAF1Vc2Vycy9UZXJqZS9Ecm9wYm94L1BhcGVycy9TdHlsaWFub3UvMjAwOCBTcHJpbmdlciBIYW5kYm9vayBvZiBTcGVlY2ggUHJvY2Vzc2luZyAoY2hhcHRlci5wZGYAABMAAS8AABUAAgAM//8AAIAF0hwdHh9YJGNsYXNzZXNaJGNsYXNzbmFtZaMfICFdTlNNdXRhYmxlRGF0YVZOU0RhdGFYTlNPYmplY3RfEF0uLi8uLi8uLi8uLi9Ecm9wYm94L1BhcGVycy9TdHlsaWFub3UvMjAwOCBTcHJpbmdlciBIYW5kYm9vayBvZiBTcGVlY2ggUHJvY2Vzc2luZyAoY2hhcHRlci5wZGbSHB0kJaIlIVxOU0RpY3Rpb25hcnkSAAGGoF8QD05TS2V5ZWRBcmNoaXZlcgAIABEAFgAfACgAMgA1ADoAPABFAEsAUgBdAGUAbABvAHEAcwB2AHgAegB8AIYAkwCYAKAC1ALWAtsC5ALvAvMDAQMIAxEDcQN2A3kDhgOLAAAAAAAAAgEAAAAAAAAAKAAAAAAAAAAAAAAAAAAAA50=}}

@manual{htkbook,
	Author = {Steve Young and Gunnar Evermann and Mark Gales and Thomas Hain and Dan Kershaw and Xunying Liu and Gareth Moore and Julian Odell and Dave Ollason and Dan Povey and Valtcho Valtchev and Phil Woodland},
	Date-Added = {2009-06-23 13:11:20 +0200},
	Date-Modified = {2009-08-18 22:08:05 +0200},
	Edition = {3.4},
	Journal = {HTK},
	Keywords = {Speech technology},
	Month = {March},
	Organization = {Cambridge University Engineering Department},
	Rating = {0},
	Read = {Yes},
	Title = {HTKbook},
	Year = {2009},
	Bdsk-File-1 = {YnBsaXN0MDDUAQIDBAUIJidUJHRvcFgkb2JqZWN0c1gkdmVyc2lvblkkYXJjaGl2ZXLRBgdUcm9vdIABqAkKFRYXGyIjVSRudWxs0wsMDQ4RFFpOUy5vYmplY3RzV05TLmtleXNWJGNsYXNzog8QgASABqISE4ACgAOAB1lhbGlhc0RhdGFccmVsYXRpdmVQYXRo0hgNGRpXTlMuZGF0YU8RAZwAAAAAAZwAAgAADE1hY2ludG9zaCBIRAAAAAAAAAAAAAAAAAAAAMNHSJZIKwAAAVKCbhAyMDA5IEhUS2Jvb2sucGRmAAAAAAAAAAAAAAAAAAAAAAAAAAAAAAAAAAAAAAAAAAAAAAAAAAAAAAAAAAAAAAABCAMaxqC3mgAAAAAAAAAAAAQABAAACSAAAAAAAAAAAAAAAAAAAAAFWW91bmcAABAACAAAw0csdgAAABEACAAAxqCbegAAAAEAFAFSgm4BLxlmAS7OpwALp4AAAHlnAAIAPk1hY2ludG9zaCBIRDpVc2VyczpUZXJqZTpEcm9wYm94OlBhcGVyczpZb3VuZzoyMDA5IEhUS2Jvb2sucGRmAA4AIgAQADIAMAAwADkAIABIAFQASwBiAG8AbwBrAC4AcABkAGYADwAaAAwATQBhAGMAaQBuAHQAbwBzAGgAIABIAEQAEgAxVXNlcnMvVGVyamUvRHJvcGJveC9QYXBlcnMvWW91bmcvMjAwOSBIVEtib29rLnBkZgAAEwABLwAAFQACAAz//wAAgAXSHB0eH1gkY2xhc3Nlc1okY2xhc3NuYW1lox8gIV1OU011dGFibGVEYXRhVk5TRGF0YVhOU09iamVjdF8QMS4uLy4uLy4uLy4uL0Ryb3Bib3gvUGFwZXJzL1lvdW5nLzIwMDkgSFRLYm9vay5wZGbSHB0kJaIlIVxOU0RpY3Rpb25hcnkSAAGGoF8QD05TS2V5ZWRBcmNoaXZlcgAIABEAFgAfACgAMgA1ADoAPABFAEsAUgBdAGUAbABvAHEAcwB2AHgAegB8AIYAkwCYAKACQAJCAkcCUAJbAl8CbQJ0An0CsQK2ArkCxgLLAAAAAAAAAgEAAAAAAAAAKAAAAAAAAAAAAAAAAAAAAt0=}}

@unpublished{rao09,
	Annote = {Neural network},
	Author = {K. Sreenivasa Rao},
	Date-Added = {2009-07-10 19:24:55 +0200},
	Date-Modified = {2009-08-27 12:01:40 +0200},
	Doi = {10.1016/j.csl.2009.03.003},
	Keywords = {Speech technology},
	Month = {March},
	Note = {Computer Speech and Language, doi:\url{10.1016/j.csl.2009.03.003}},
	Rating = {0},
	Read = {Yes},
	Title = {Voice conversion by mapping the speaker-specific features using pitch synchronous approach},
	Year = {2009},
	Bdsk-File-1 = {YnBsaXN0MDDUAQIDBAUIJidUJHRvcFgkb2JqZWN0c1gkdmVyc2lvblkkYXJjaGl2ZXLRBgdUcm9vdIABqAkKFRYXGyIjVSRudWxs0wsMDQ4RFFpOUy5vYmplY3RzV05TLmtleXNWJGNsYXNzog8QgASABqISE4ACgAOAB1lhbGlhc0RhdGFccmVsYXRpdmVQYXRo0hgNGRpXTlMuZGF0YU8RAjwAAAAAAjwAAgAADE1hY2ludG9zaCBIRAAAAAAAAAAAAAAAAAAAAMNHSJZIKwAAAVKCkh8yMDA5IFZvaWNlIGNvbnZlcnNpIzEwODAzMTUucGRmAAAAAAAAAAAAAAAAAAAAAAAAAAAAAAAAAAAAAAAAAAABCAMVxqC3mgAAAAAAAAAAAAQABAAACSAAAAAAAAAAAAAAAAAAAAADUmFvAAAQAAgAAMNHLHYAAAARAAgAAMagm3oAAAABABQBUoKSAS8ZZgEuzqcAC6eAAAB5ZwACAEtNYWNpbnRvc2ggSEQ6VXNlcnM6VGVyamU6RHJvcGJveDpQYXBlcnM6UmFvOjIwMDkgVm9pY2UgY29udmVyc2kjMTA4MDMxNS5wZGYAAA4AhgBCADIAMAAwADkAIABWAG8AaQBjAGUAIABjAG8AbgB2AGUAcgBzAGkAbwBuACAAYgB5ACAAbQBhAHAAcABpAG4AZwAgAHQAaABlACAAcwBwAGUAYQBrAGUAcgAtAHMAcABlAGMAaQBmAGkAYwAgAGYAZQBhAHQAdQByAGUAcwAuAHAAZABmAA8AGgAMAE0AYQBjAGkAbgB0AG8AcwBoACAASABEABIAYVVzZXJzL1RlcmplL0Ryb3Bib3gvUGFwZXJzL1Jhby8yMDA5IFZvaWNlIGNvbnZlcnNpb24gYnkgbWFwcGluZyB0aGUgc3BlYWtlci1zcGVjaWZpYyBmZWF0dXJlcy5wZGYAABMAAS8AABUAAgAM//8AAIAF0hwdHh9YJGNsYXNzZXNaJGNsYXNzbmFtZaMfICFdTlNNdXRhYmxlRGF0YVZOU0RhdGFYTlNPYmplY3RfEGEuLi8uLi8uLi8uLi9Ecm9wYm94L1BhcGVycy9SYW8vMjAwOSBWb2ljZSBjb252ZXJzaW9uIGJ5IG1hcHBpbmcgdGhlIHNwZWFrZXItc3BlY2lmaWMgZmVhdHVyZXMucGRm0hwdJCWiJSFcTlNEaWN0aW9uYXJ5EgABhqBfEA9OU0tleWVkQXJjaGl2ZXIACAARABYAHwAoADIANQA6ADwARQBLAFIAXQBlAGwAbwBxAHMAdgB4AHoAfACGAJMAmACgAuAC4gLnAvAC+wL/Aw0DFAMdA4EDhgOJA5YDmwAAAAAAAAIBAAAAAAAAACgAAAAAAAAAAAAAAAAAAAOt}}

@mastersthesis{mostad08,
	Abstract = {P{\aa} Institutt for Elektronikk og Telekommunikasjon sin taleteknologigruppe 
	har det en stund v{\ae}rt {\o}nsket {\aa} lage et talestyrt dataspill som kan brukes 
	som demonstrator i forskjellige sammenhenger. Denne masteroppgaven har 
	g{\aa}tt ut p{\aa} {\aa} utvikle et slikt spill. Dette arbeidet er dokumentert i denne 
	rapporten. Rapporten gir ogs{\aa} en innf{\o}ring i n{\o}dvendig bakgrunnsteori, og 
	beskriver ogs{\aa} de verkt{\o}y som har blitt tatt i bruk. 
	En del av oppgaven var {\aa} finne et eksisterende spill, med {\aa}pen kildekode, 
	som passet bra til {\aa} bli utvidet med talestyring. Labyrintspillet CuteMaze 
	viste seg {\aa} v{\ae}re godt egnet, s{\aa} det ble valgt. 
	Til bruk i spillet har det blitt utviklet en talegjenkjenner basert p{\aa} ATK. 
	ATK st{\o}tter ikke Mac OS X, som er plattformen spillet skulle utvikles for. 
	En del av arbeidet har v{\ae}rt {\aa} finne en l{\o}sning p{\aa} dette problemet. Gjen- 
	kjenneren har blitt designet slik at den enkelt kan brukes i andre spill. 
	Siden spillet skal brukes i sammenhenger hvor det kan v{\ae}re mye st{\o}y, 
	ble det valgt {\aa} bruke et push-to-talk-grensesnitt. For {\aa} gj{\o}re spillet mer 
	push-to-talk-vennlig, har det blitt gjort noen endringer i spillets virkem{\aa}te. 
	Et sett ordmodeller, som talegjenkjenneren trenger, har blitt trent med 
	HTK. Disse modellene er ikke robuste, s{\aa} bedre modeller m{\aa} trenes i ettertid. 
	Veiledning for hvordan dette kan gj{\o}res er vedlagt rapporten. Forslag til 
	andre forbedringer er ogs{\aa} diskutert i slutten av rapporten. },
	Address = {Trondheim, Norway},
	Author = {Lars Petter Mostad},
	Date-Added = {2009-06-23 13:11:20 +0200},
	Date-Modified = {2009-10-22 12:41:23 +0200},
	Keywords = {Speech technology},
	Month = {June},
	Rating = {0},
	Read = {Yes},
	School = {Norwegian University of Science and Technology},
	Title = {Talestyrt dataspill},
	Year = {2008},
	Bdsk-File-1 = {YnBsaXN0MDDUAQIDBAUIJidUJHRvcFgkb2JqZWN0c1gkdmVyc2lvblkkYXJjaGl2ZXLRBgdUcm9vdIABqAkKFRYXGyIjVSRudWxs0wsMDQ4RFFpOUy5vYmplY3RzV05TLmtleXNWJGNsYXNzog8QgASABqISE4ACgAOAB1lhbGlhc0RhdGFccmVsYXRpdmVQYXRo0hgNGRpXTlMuZGF0YU8RAc4AAAAAAc4AAgAADE1hY2ludG9zaCBIRAAAAAAAAAAAAAAAAAAAAMNHSJZIKwAAAVKCkxwyMDA4IFRhbGVzdHlydCBkYXRhc3BpbGwucGRmAAAAAAAAAAAAAAAAAAAAAAAAAAAAAAAAAAAAAAAAAAAAAAABCAM4xqC3mwAAAAAAAAAAAAQABAAACSAAAAAAAAAAAAAAAAAAAAAGTW9zdGFkABAACAAAw0csdgAAABEACAAAxqCbewAAAAEAFAFSgpMBLxlmAS7OpwALp4AAAHlnAAIAS01hY2ludG9zaCBIRDpVc2VyczpUZXJqZTpEcm9wYm94OlBhcGVyczpNb3N0YWQ6MjAwOCBUYWxlc3R5cnQgZGF0YXNwaWxsLnBkZgAADgA6ABwAMgAwADAAOAAgAFQAYQBsAGUAcwB0AHkAcgB0ACAAZABhAHQAYQBzAHAAaQBsAGwALgBwAGQAZgAPABoADABNAGEAYwBpAG4AdABvAHMAaAAgAEgARAASAD5Vc2Vycy9UZXJqZS9Ecm9wYm94L1BhcGVycy9Nb3N0YWQvMjAwOCBUYWxlc3R5cnQgZGF0YXNwaWxsLnBkZgATAAEvAAAVAAIADP//AACABdIcHR4fWCRjbGFzc2VzWiRjbGFzc25hbWWjHyAhXU5TTXV0YWJsZURhdGFWTlNEYXRhWE5TT2JqZWN0XxA+Li4vLi4vLi4vLi4vRHJvcGJveC9QYXBlcnMvTW9zdGFkLzIwMDggVGFsZXN0eXJ0IGRhdGFzcGlsbC5wZGbSHB0kJaIlIVxOU0RpY3Rpb25hcnkSAAGGoF8QD05TS2V5ZWRBcmNoaXZlcgAIABEAFgAfACgAMgA1ADoAPABFAEsAUgBdAGUAbABvAHEAcwB2AHgAegB8AIYAkwCYAKACcgJ0AnkCggKNApECnwKmAq8C8AL1AvgDBQMKAAAAAAAAAgEAAAAAAAAAKAAAAAAAAAAAAAAAAAAAAxw=}}

@inproceedings{stylianou09,
	Abstract = {Voice transformation refers to the various modifications one may apply to the sound produced by a person, speaking or singing. Voice transformation is usually seen as an add-on or an external system in speech synthesis systems since it may create virtual voices in a simple and flexible way. In this paper we review the state-of-the-art Voice transformation methodology showing its limitations in producing good speech quality and its current challenges. Addressing quality issues of current voice transformation algorithms in conjunction with properties of the speech production and speech perception systems we try to pave the way for more natural Voice Transformation algorithms in the future. Facing the challenges, will allow Voice transformation systems to be applied in important and versatile areas of speech technology; applications that are far beyond speech synthesis.},
	Author = {Stylianou, Yannis},
	Booktitle = {IEEE International Conference on Acoustics, Speech, and Signal Processing, ICASSP},
	Date-Modified = {2010-02-11 15:19:06 +0100},
	Doi = {10.1109/ICASSP.2009.4960401},
	Issn = {1520-6149},
	Keywords = {Speech technology, Voice conversion},
	Month = {April},
	Pages = {3585-3588},
	Read = {Yes},
	Title = {Voice Transformation: A survey},
	Year = {2009},
	Bdsk-File-1 = {YnBsaXN0MDDUAQIDBAUIJidUJHRvcFgkb2JqZWN0c1gkdmVyc2lvblkkYXJjaGl2ZXLRBgdUcm9vdIABqAkKFRYXGyIjVSRudWxs0wsMDQ4RFFpOUy5vYmplY3RzV05TLmtleXNWJGNsYXNzog8QgASABqISE4ACgAOAB1lhbGlhc0RhdGFccmVsYXRpdmVQYXRo0hgNGRpXTlMuZGF0YU8RAfoAAAAAAfoAAgAADE1hY2ludG9zaCBIRAAAAAAAAAAAAAAAAAAAAMNHSJZIKwAAAVKCbR8yMDA5IFZvaWNlIFRyYW5zZm9yIzExM0FCQzQucGRmAAAAAAAAAAAAAAAAAAAAAAAAAAAAAAAAAAAAAAAAAAABE6vExsQGIQAAAAAAAAAAAAQABAAACSAAAAAAAAAAAAAAAAAAAAAJU3R5bGlhbm91AAAQAAgAAMNHLHYAAAARAAgAAMbD6gEAAAABABQBUoJtAS8ZZgEuzqcAC6eAAAB5ZwACAFFNYWNpbnRvc2ggSEQ6VXNlcnM6VGVyamU6RHJvcGJveDpQYXBlcnM6U3R5bGlhbm91OjIwMDkgVm9pY2UgVHJhbnNmb3IjMTEzQUJDNC5wZGYAAA4ATgAmADIAMAAwADkAIABWAG8AaQBjAGUAIABUAHIAYQBuAHMAZgBvAHIAbQBhAHQAaQBvAG4AIABBACAAcwB1AHIAdgBlAHkALgBwAGQAZgAPABoADABNAGEAYwBpAG4AdABvAHMAaAAgAEgARAASAEtVc2Vycy9UZXJqZS9Ecm9wYm94L1BhcGVycy9TdHlsaWFub3UvMjAwOSBWb2ljZSBUcmFuc2Zvcm1hdGlvbiBBIHN1cnZleS5wZGYAABMAAS8AABUAAgAM//8AAIAF0hwdHh9YJGNsYXNzZXNaJGNsYXNzbmFtZaMfICFdTlNNdXRhYmxlRGF0YVZOU0RhdGFYTlNPYmplY3RfEEsuLi8uLi8uLi8uLi9Ecm9wYm94L1BhcGVycy9TdHlsaWFub3UvMjAwOSBWb2ljZSBUcmFuc2Zvcm1hdGlvbiBBIHN1cnZleS5wZGbSHB0kJaIlIVxOU0RpY3Rpb25hcnkSAAGGoF8QD05TS2V5ZWRBcmNoaXZlcgAIABEAFgAfACgAMgA1ADoAPABFAEsAUgBdAGUAbABvAHEAcwB2AHgAegB8AIYAkwCYAKACngKgAqUCrgK5Ar0CywLSAtsDKQMuAzEDPgNDAAAAAAAAAgEAAAAAAAAAKAAAAAAAAAAAAAAAAAAAA1U=},
	Bdsk-Url-1 = {http://dx.doi.org/10.1109/ICASSP.2009.4960401}}

@inproceedings{desai09,
	Abstract = {In this paper, we propose to use artificial neural networks (ANN) for voice conversion. We have exploited the mapping abilities of ANN to perform mapping of spectral features of a source speaker to that of a target speaker. A comparative study of voice conversion using ANN and the state-of-the-art Gaussian mixture model (GMM) is conducted. The results of voice conversion evaluated using subjective and objective measures confirm that ANNs perform better transformation than GMMs and the quality of the transformed speech is intelligible and has the characteristics of the target speaker.},
	Author = {Desai, S. and Raghavendra, E.V. and Yegnanarayana, B. and Black, A.W. and Prahallad, K.},
	Booktitle = {IEEE International Conference on Acoustics, Speech and Signal Processing},
	Date-Modified = {2009-09-02 11:26:28 +0200},
	Doi = {10.1109/ICASSP.2009.4960478},
	Issn = {1520-6149},
	Keywords = {Speech technology},
	Month = {April},
	Pages = {3893-3896},
	Title = {Voice conversion using Artificial Neural Networks},
	Year = {2009},
	Bdsk-File-1 = {YnBsaXN0MDDUAQIDBAUIJidUJHRvcFgkb2JqZWN0c1gkdmVyc2lvblkkYXJjaGl2ZXLRBgdUcm9vdIABqAkKFRYXGyIjVSRudWxs0wsMDQ4RFFpOUy5vYmplY3RzV05TLmtleXNWJGNsYXNzog8QgASABqISE4ACgAOAB1lhbGlhc0RhdGFccmVsYXRpdmVQYXRo0hgNGRpXTlMuZGF0YU8RAg4AAAAAAg4AAgAADE1hY2ludG9zaCBIRAAAAAAAAAAAAAAAAAAAAMNHSJZIKwAAAVKClB8yMDA5IFZvaWNlIGNvbnZlcnNpIzExM0E5ODgucGRmAAAAAAAAAAAAAAAAAAAAAAAAAAAAAAAAAAAAAAAAAAABE6mIxsQD2AAAAAAAAAAAAAQABAAACSAAAAAAAAAAAAAAAAAAAAAFRGVzYWkAABAACAAAw0csdgAAABEACAAAxsPnuAAAAAEAFAFSgpQBLxlmAS7OpwALp4AAAHlnAAIATU1hY2ludG9zaCBIRDpVc2VyczpUZXJqZTpEcm9wYm94OlBhcGVyczpEZXNhaToyMDA5IFZvaWNlIGNvbnZlcnNpIzExM0E5ODgucGRmAAAOAGQAMQAyADAAMAA5ACAAVgBvAGkAYwBlACAAYwBvAG4AdgBlAHIAcwBpAG8AbgAgAHUAcwBpAG4AZwAgAEEAcgB0AGkAZgBpAGMAaQBhAGwAIABOAGUAdQByAGEAbAAuAHAAZABmAA8AGgAMAE0AYQBjAGkAbgB0AG8AcwBoACAASABEABIAUlVzZXJzL1RlcmplL0Ryb3Bib3gvUGFwZXJzL0Rlc2FpLzIwMDkgVm9pY2UgY29udmVyc2lvbiB1c2luZyBBcnRpZmljaWFsIE5ldXJhbC5wZGYAEwABLwAAFQACAAz//wAAgAXSHB0eH1gkY2xhc3Nlc1okY2xhc3NuYW1lox8gIV1OU011dGFibGVEYXRhVk5TRGF0YVhOU09iamVjdF8QUi4uLy4uLy4uLy4uL0Ryb3Bib3gvUGFwZXJzL0Rlc2FpLzIwMDkgVm9pY2UgY29udmVyc2lvbiB1c2luZyBBcnRpZmljaWFsIE5ldXJhbC5wZGbSHB0kJaIlIVxOU0RpY3Rpb25hcnkSAAGGoF8QD05TS2V5ZWRBcmNoaXZlcgAIABEAFgAfACgAMgA1ADoAPABFAEsAUgBdAGUAbABvAHEAcwB2AHgAegB8AIYAkwCYAKACsgK0ArkCwgLNAtEC3wLmAu8DRANJA0wDWQNeAAAAAAAAAgEAAAAAAAAAKAAAAAAAAAAAAAAAAAAAA3A=},
	Bdsk-Url-1 = {http://dx.doi.org/10.1109/ICASSP.2009.4960478}}

@book{iser08,
	Author = {Bernd Iser and Wolfgang Minker and Gerhard Schmidt},
	Date-Added = {2009-07-06 10:00:38 +0200},
	Date-Modified = {2009-08-18 22:11:11 +0200},
	Keywords = {Speech technology},
	Rating = {0},
	Read = {Yes},
	Series = {Lecture Notes In Electrical Engineering},
	Title = {Bandwidth Extension of Speech Signals},
	Volume = {13},
	Year = {2008},
	Bdsk-File-1 = {YnBsaXN0MDDUAQIDBAUIJidUJHRvcFgkb2JqZWN0c1gkdmVyc2lvblkkYXJjaGl2ZXLRBgdUcm9vdIABqAkKFRYXGyIjVSRudWxs0wsMDQ4RFFpOUy5vYmplY3RzV05TLmtleXNWJGNsYXNzog8QgASABqISE4ACgAOAB1lhbGlhc0RhdGFccmVsYXRpdmVQYXRo0hgNGRpXTlMuZGF0YU8RAgAAAAAAAgAAAgAADE1hY2ludG9zaCBIRAAAAAAAAAAAAAAAAAAAAMNHSJZIKwAAAVKClR8yMDA4IEJhbmR3aWR0aCBFeHRlIzEwODAzMkYucGRmAAAAAAAAAAAAAAAAAAAAAAAAAAAAAAAAAAAAAAAAAAABCAMvxqC3mgAAAAAAAAAAAAQABAAACSAAAAAAAAAAAAAAAAAAAAAESXNlcgAQAAgAAMNHLHYAAAARAAgAAMagm3oAAAABABQBUoKVAS8ZZgEuzqcAC6eAAAB5ZwACAExNYWNpbnRvc2ggSEQ6VXNlcnM6VGVyamU6RHJvcGJveDpQYXBlcnM6SXNlcjoyMDA4IEJhbmR3aWR0aCBFeHRlIzEwODAzMkYucGRmAA4AXgAuADIAMAAwADgAIABCAGEAbgBkAHcAaQBkAHQAaAAgAEUAeAB0AGUAbgBzAGkAbwBuACAAbwBmACAAUwBwAGUAZQBjAGgAIABTAGkAZwBuAGEAbABzAC4AcABkAGYADwAaAAwATQBhAGMAaQBuAHQAbwBzAGgAIABIAEQAEgBOVXNlcnMvVGVyamUvRHJvcGJveC9QYXBlcnMvSXNlci8yMDA4IEJhbmR3aWR0aCBFeHRlbnNpb24gb2YgU3BlZWNoIFNpZ25hbHMucGRmABMAAS8AABUAAgAM//8AAIAF0hwdHh9YJGNsYXNzZXNaJGNsYXNzbmFtZaMfICFdTlNNdXRhYmxlRGF0YVZOU0RhdGFYTlNPYmplY3RfEE4uLi8uLi8uLi8uLi9Ecm9wYm94L1BhcGVycy9Jc2VyLzIwMDggQmFuZHdpZHRoIEV4dGVuc2lvbiBvZiBTcGVlY2ggU2lnbmFscy5wZGbSHB0kJaIlIVxOU0RpY3Rpb25hcnkSAAGGoF8QD05TS2V5ZWRBcmNoaXZlcgAIABEAFgAfACgAMgA1ADoAPABFAEsAUgBdAGUAbABvAHEAcwB2AHgAegB8AIYAkwCYAKACpAKmAqsCtAK/AsMC0QLYAuEDMgM3AzoDRwNMAAAAAAAAAgEAAAAAAAAAKAAAAAAAAAAAAAAAAAAAA14=}}

@comment{BibDesk Static Groups{
<?xml version="1.0" encoding="UTF-8"?>
<!DOCTYPE plist PUBLIC "-//Apple//DTD PLIST 1.0//EN" "http://www.apple.com/DTDs/PropertyList-1.0.dtd">
<plist version="1.0">
<array>
	<dict>
		<key>group name</key>
		<string>Guider og manualer</string>
		<key>keys</key>
		<string>htkbook,nordgaard07,matlabintro</string>
	</dict>
	<dict>
		<key>group name</key>
		<string>Master</string>
		<key>keys</key>
		<string>stylianou95,helander07,stylianou08,itakura75,stylianou09,rao09,stylianou98,lawson74,nguyen09,gray06,tohkura86,mouchtaris06,toda01,iwahashi94,kain98,ye06,taletek,erro08</string>
	</dict>
</array>
</plist>
}}

@comment{BibDesk Smart Groups{
<?xml version="1.0" encoding="UTF-8"?>
<!DOCTYPE plist PUBLIC "-//Apple//DTD PLIST 1.0//EN" "http://www.apple.com/DTDs/PropertyList-1.0.dtd">
<plist version="1.0">
<array>
	<dict>
		<key>conditions</key>
		<array>
			<dict>
				<key>comparison</key>
				<integer>3</integer>
				<key>key</key>
				<string>Date-Added</string>
				<key>value</key>
				<string></string>
				<key>version</key>
				<string>1</string>
			</dict>
		</array>
		<key>conjunction</key>
		<integer>0</integer>
		<key>group name</key>
		<string>Added last</string>
	</dict>
</array>
</plist>
}}
